"","exp","site","hole","cor","Type","sect","A.W","offSet","depth.A","depth.CCSF","tot_count.x","Mg.Ka.Area_10kV","Al.Ka.Area_10kV","Si.Ka.Area_10kV","P.Ka.Area_10kV","S.Ka.Area_10kV","Cl.Ka.Area_10kV","Ar.Ka.Area_10kV","K.Ka.Area_10kV","Ca.Ka.Area_10kV","Ti.Ka.Area_10kV","Cr.Ka.Area_10kV","Mn.Ka.Area_10kV","Fe.Ka.Area_10kV","Rh.La.Coh.Area_10kV","inst.x","tot_count.y","K.Ka.Area_30kV","Ca.Ka.Area_30kV","Ti.Ka.Area_30kV","Mn.Ka.Area_30kV","Fe.Ka.Area_30kV","Co.Ka.Area_30kV","Ni.Ka.Area_30kV","Cu.Ka.Area_30kV","Zn.Ka.Area_30kV","Ga.Ka.Area_30kV","As.Ka.Area_30kV","Br.Ka.Area_30kV","Rb.Ka.Area_30kV","Sr.Ka.Area_30kV","Y.Ka.Area_30kV","Zr.Ka.Area_30kV","Nb.Ka.Area_30kV","Mo.Ka.Area_30kV","Rh.Ka.Coh.Area_30kV","Rh.Ka.Inc.Area_30kV","inst.y","tot_count","Ca.Ka.Area_50kV","Fe.Ka.Area_50kV","Ni.Ka.Area_50kV","As.Ka.Area_50kV","Br.Ka.Area_50kV","Rb.Ka.Area_50kV","Sr.Ka.Area_50kV","Y.Ka.Area_50kV","Zr.Ka.Area_50kV","Nb.Ka.Area_50kV","Mo.Ka.Area_50kV","Ag.Ka.Area_50kV","Ba.Ka.Area_50kV","inst"
"1","390C","U1557","B",1,"H","1","A",50,0.05,0.05,159579,-21,4186,53006,178,1948,53763,-1609,34993,161361,14315,690,18668,168293,39440,"XRF2",169075,1380,8438,1605,6634,103863,1346,3963,755,1274,151,599,2777,4108,15449,1463,6919,930,315,25606,71703,"XRF2",66912,1124,9902,2972,85,353,548,2183,267,1372,129,82,273815,4305,"XRF2"
"3","390C","U1557","B",1,"H","1","A",150,0.15,0.15,155197,5,5512,66015,288,2344,62254,-3943,43919,27168,18658,423,24966,215133,41843,"XRF2",191502,1641,1500,1762,8112,125865,1820,4383,954,2428,243,611,3400,5029,8988,1910,8529,285,852,28827,82564,"XRF2",70174,552,11972,3134,92,424,701,1398,307,1452,102,33,274387,4784,"XRF2"
"4","390C","U1557","B",1,"H","1","A",200,0.2,0.2,154506,35,6280,71905,312,1952,55919,-3324,43895,27022,19082,628,24687,215490,40675,"XRF2",192187,1582,1518,1953,8373,125620,1827,4207,832,1290,217,621,3353,4804,9293,1854,8052,504,-19,28874,81930,"XRF2",70349,560,12473,3167,117,425,729,1272,301,1602,128,134,273589,4265,"XRF2"
"7","390C","U1557","B",1,"H","1","A",350,0.35,0.35,175321,97,7503,81123,450,2140,51717,-4087,44705,146075,17960,1079,22681,197467,40134,"XRF2",185266,1623,7163,1731,7778,114044,1507,4300,874,1181,227,550,3001,4275,17096,1682,7353,570,832,28685,78681,"XRF2",69903,1066,11104,3223,101,408,617,2450,196,1353,93,186,273226,5844,"XRF2"
"8","390C","U1557","B",1,"H","1","A",375,0.375,0.375,197757,35,6418,73962,466,2228,52869,-4437,41268,282628,16395,993,20602,180142,41346,"XRF2",177119,1513,15126,1588,6804,102557,1372,4043,772,1122,112,444,2706,3889,24470,1792,6837,410,302,29008,73325,"XRF2",68890,1824,10057,3063,113,325,564,3366,270,1279,53,45,272238,6029,"XRF2"
"9","390C","U1557","B",1,"H","1","A",400,0.4,0.4,213345,-37,4925,60778,526,2081,53436,-3755,34171,440322,12156,1167,15716,136895,42697,"XRF2",163932,1195,24568,1232,5106,75758,883,3902,724,795,132,495,2479,2903,33573,1453,5639,245,418,28043,66921,"XRF2",66374,2652,7202,3054,86,286,413,4901,235,1034,57,72,270790,4742,"XRF2"
"10","390C","U1557","B",1,"H","1","A",420,0.42,0.42,269339,-16,3850,48414,402,2026,53338,-4493,25110,798010,8077,494,9619,82995,44822,"XRF2",155919,1085,45477,745,3089,44548,497,3787,464,629,105,261,2063,1705,50942,1140,3937,316,241,29014,62125,"XRF2",66293,4471,4235,3092,48,270,301,7100,131,706,30,81,272429,3908,"XRF2"
"11","390C","U1557","B",1,"H","1","A",450,0.45,0.45,151190,32,4875,59711,259,2212,58312,-2763,39111,49360,16882,619,23384,198326,40882,"XRF2",186859,1415,2562,1682,7641,114970,1540,4319,914,1150,194,673,3329,4465,10045,1628,7610,428,418,27347,83205,"XRF2",68479,628,10904,3047,74,424,694,1296,218,1387,112,161,271314,3910,"XRF2"
"12","390C","U1557","B",1,"H","1","A",500,0.5,0.5,158350,-12,5065,61817,476,2333,55163,-2832,39193,98313,16255,883,22724,190281,40933,"XRF2",177292,1492,5266,1620,7390,110096,1389,4101,810,1067,140,588,2911,4104,14436,1660,6873,363,590,26872,77409,"XRF2",67933,843,10777,3047,100,369,584,2012,236,1295,125,82,273624,4566,"XRF2"
"13","390C","U1557","B",1,"H","1","A",550,0.55,0.55,160724,28,5983,69398,367,2104,54307,-2850,41814,89294,17359,511,23386,201052,39871,"XRF2",177382,1430,4536,1733,7894,114842,1446,4081,850,1191,172,607,2856,4215,15660,1805,7275,524,247,27537,77280,"XRF2",68226,703,10978,3212,113,310,607,2119,273,1414,58,86,273347,4363,"XRF2"
"14","390C","U1557","B",1,"H","1","A",600,0.6,0.6,171523,37,6662,76769,361,1891,49813,-3098,44738,142686,17934,587,21685,195859,40433,"XRF2",177686,1662,7302,1724,7033,112894,1346,3956,729,1175,183,595,2658,4522,17939,1392,7563,662,488,27630,74010,"XRF2",68701,1249,11044,3081,89,389,582,2589,269,1358,69,130,272588,4649,"XRF2"
"16","390C","U1557","B",1,"H","1","A",700,0.7,0.7,163261,49,7230,81072,336,1851,50260,-3448,46289,85251,18777,415,23346,205143,40207,"XRF2",181757,1747,4778,1935,7726,121074,1505,4107,713,1187,186,586,2937,4439,15593,1586,7426,381,209,28124,75302,"XRF2",69062,828,11948,3031,91,359,664,2286,250,1335,79,88,272237,4754,"XRF2"
"17","390C","U1557","B",1,"H","1","A",750,0.75,0.75,162775,21,6258,71350,260,2069,56804,-3856,45245,60431,19620,321,24756,219134,42141,"XRF2",185465,1655,3108,1921,8164,127435,1698,4054,758,1207,118,631,3094,4782,12933,1735,8262,664,514,28459,78958,"XRF2",69774,639,12372,3153,119,357,657,1815,295,1640,121,125,274415,5406,"XRF2"
"19","390C","U1557","B",1,"H","1","A",850,0.85,0.85,155475,79,7938,86454,393,1605,47275,-3406,49200,23273,19474,705,23623,223949,39000,"XRF2",186722,1857,1341,2001,8169,132692,1679,4076,883,1311,193,629,3067,5159,8739,1617,7858,554,593,27561,78955,"XRF2",69642,537,12933,3104,94,381,694,1260,252,1513,83,117,273135,6087,"XRF2"
"20","390C","U1557","B",1,"H","1","A",900,0.9,0.9,153180,66,7483,80564,363,1954,50106,-3033,46119,22177,19695,709,24050,218601,39456,"XRF2",186614,1691,1302,2003,8173,129675,1860,4291,921,1297,227,605,3151,4803,8514,1637,7830,543,418,27812,81130,"XRF2",69828,473,12652,3178,96,408,723,1247,263,1434,88,77,275602,5776,"XRF2"
"23","390C","U1557","B",1,"H","1","A",1050,1.05,1.05,159291,44,7768,81567,410,2162,54051,-3757,47256,23139,19640,697,26065,228005,41032,"XRF2",193085,1839,1245,2016,8564,134241,1853,4300,884,1257,157,638,3419,5067,8697,1989,8149,683,97,29325,82794,"XRF2",70410,525,13131,3375,76,440,639,1249,251,1527,86,142,274284,6152,"XRF2"
"24","390C","U1557","B",1,"H","1","A",1100,1.1,1.1,150333,9,6522,73782,313,1684,51015,-2260,42668,31192,17913,476,22146,208761,39256,"XRF2",185983,1602,1710,1844,7484,124273,1695,4095,948,1449,255,538,3430,4628,8515,1715,7497,631,351,27680,81388,"XRF2",69001,516,11867,3109,106,406,589,1222,301,1383,95,164,274517,5193,"XRF2"
"27","390C","U1557","B",1,"H","1","A",1250,1.25,1.25,156253,47,6863,76263,378,2090,54280,-3577,45150,23187,19033,673,26496,223864,40995,"XRF2",187248,1756,1385,1981,8990,133089,1734,4203,906,1391,235,736,3006,5021,8677,1980,7677,378,476,27868,79456,"XRF2",69827,543,13051,3239,71,424,701,1227,342,1482,82,153,275657,5383,"XRF2"
"28","390C","U1557","B",1,"H","1","A",1300,1.3,1.3,151578,27,6936,77824,259,1972,49451,-3031,45351,21605,18549,462,25679,218219,39350,"XRF2",181943,1711,1202,2005,8260,127985,1804,4283,854,1226,224,633,2984,4775,8176,1795,7831,193,279,27495,79141,"XRF2",68692,510,12345,3120,93,387,658,1234,339,1439,93,85,273431,5947,"XRF2"
"29","390C","U1557","B",1,"H","1","A",1350,1.35,1.35,153475,65,5993,68563,328,2105,57896,-3477,43276,21740,18418,281,25998,216897,41615,"XRF2",188234,1667,1251,1764,8583,127970,1718,4306,815,1225,181,553,3300,4705,8585,1882,7662,295,400,27793,81647,"XRF2",69789,444,12486,3116,106,410,755,1217,315,1508,104,122,273286,6008,"XRF2"
"32","390C","U1557","B",1,"H","1","A",1475,1.475,1.475,159865,79,6579,76556,284,1927,52880,-3413,45661,47896,18578,673,26495,217073,40885,"XRF2",187936,1808,2638,2021,8833,128222,1615,4111,772,1274,232,610,3183,4585,11364,1653,7469,492,339,28158,79793,"XRF2",70210,666,12590,3186,81,440,738,1653,231,1423,101,126,279170,5045,"XRF2"
"36","390C","U1557","B",1,"H","2","A",200,1.7,1.7,153176,45,7205,78352,322,1998,51019,-3153,45828,23234,19096,708,26445,214179,39895,"XRF2",187052,1773,1244,1903,8866,124328,1531,4144,838,1240,234,573,3192,4670,8605,1872,7845,443,440,27813,81760,"XRF2",69055,455,12185,3327,65,451,647,1262,266,1421,168,152,272124,5600,"XRF2"
"37","390C","U1557","B",1,"H","2","A",250,1.75,1.75,156377,55,7357,81715,368,1829,50416,-2816,47639,24021,19754,452,27032,222795,39515,"XRF2",187165,1721,1240,1958,8890,129209,1835,4253,846,1279,224,629,3109,5041,8971,1926,8075,458,585,27895,80492,"XRF2",69215,527,12406,3155,98,383,545,1213,320,1455,127,115,271947,5557,"XRF2"
"38","390C","U1557","B",1,"H","2","A",300,1.8,1.8,156219,18,6377,72897,287,2409,57020,-3676,45296,22787,19570,235,25311,222981,41162,"XRF2",190134,1591,1238,1934,8497,129044,1821,4519,941,1275,169,556,3227,4866,8907,1712,7860,432,429,27562,82454,"XRF2",69930,537,12365,3259,112,396,690,1360,280,1526,80,155,272399,5640,"XRF2"
"39","390C","U1557","B",1,"H","2","A",350,1.85,1.85,152092,100,7192,79647,316,2129,50977,-2909,45884,23059,18843,726,25103,211839,39400,"XRF2",189991,1652,1164,1792,8203,121797,1689,4325,867,1160,202,536,3564,4634,8338,1792,7321,521,13,27666,84315,"XRF2",69107,426,11869,3098,129,394,640,1218,258,1400,104,124,272729,5091,"XRF2"
"41","390C","U1557","B",1,"H","2","A",450,1.95,1.95,150561,69,6363,71104,321,2161,54385,-3554,43559,22647,18928,595,24525,214153,39445,"XRF2",182102,1703,1258,1851,8217,124713,1609,4312,846,1133,223,575,3094,4680,8594,1626,7577,512,738,26976,77598,"XRF2",68330,471,11897,3068,93,404,675,1217,229,1469,99,59,271128,5813,"XRF2"
"42","390C","U1557","B",1,"H","2","A",500,2,2,152501,46,6118,70695,249,2154,55556,-3393,43705,22344,18992,453,25198,217203,40625,"XRF2",183180,1577,1260,1802,8518,125804,1754,4213,885,1198,183,583,2968,4607,8946,1772,7737,313,233,27335,77543,"XRF2",68603,548,12163,3112,92,413,686,1282,206,1379,87,107,270330,6208,"XRF2"
"43","390C","U1557","B",1,"H","2","A",550,2.05,2.05,156563,20,6953,78240,306,1908,53049,-3343,45615,23660,19618,231,27501,224313,40218,"XRF2",187185,1726,1292,2014,9135,130077,1728,4452,972,1259,219,580,3269,4612,8919,1735,7847,383,306,28403,80156,"XRF2",69182,433,12517,3230,96,372,686,1317,204,1453,123,117,270972,6049,"XRF2"
"44","390C","U1557","B",1,"H","2","A",600,2.1,2.1,158201,135,7580,82120,345,1835,51635,-3269,46658,24856,19882,625,27021,227427,39515,"XRF2",188159,1659,1466,1941,8790,130687,1761,4257,914,1362,198,661,3122,4861,9217,1874,8036,766,446,27882,81054,"XRF2",69515,518,12635,3191,104,447,623,1263,288,1445,75,114,273051,5177,"XRF2"
"45","390C","U1557","B",1,"H","2","A",650,2.15,2.15,158663,32,7377,83330,297,1907,51416,-3584,46983,25577,19551,566,26260,229277,39660,"XRF2",190935,1696,1470,1883,8453,131313,1739,4180,818,1260,153,715,3327,4673,8993,1869,8106,710,242,28641,83014,"XRF2",69659,577,12646,3182,146,403,636,1281,239,1474,129,101,271899,4502,"XRF2"
"46","390C","U1557","B",1,"H","2","A",700,2.2,2.2,156203,69,7253,81826,257,1903,52784,-3391,45574,25453,19506,201,21930,220764,39899,"XRF2",192447,1662,1424,1898,7168,125915,1789,4239,755,1212,176,625,3401,4395,9157,1686,7813,664,369,29021,84537,"XRF2",70036,546,12100,3258,99,513,605,1358,198,1302,109,109,273909,4867,"XRF2"
"47","390C","U1557","B",1,"H","2","A",750,2.25,2.25,156541,36,7263,83218,291,1942,50693,-3334,46330,25243,19633,652,21940,226686,38599,"XRF2",187667,1703,1418,1936,7359,130709,1728,4218,792,1238,241,621,3026,4770,8998,1915,8605,644,366,28381,81039,"XRF2",69794,502,12777,3329,129,401,638,1319,284,1483,107,84,273632,4938,"XRF2"
"48","390C","U1557","B",1,"H","2","A",800,2.3,2.3,158371,52,7912,88046,359,2037,48229,-3675,48566,26430,20573,611,21774,228787,39543,"XRF2",188336,1896,1493,2066,7525,131567,1561,4071,780,1256,226,640,3123,5097,9562,1570,8097,450,212,28185,80719,"XRF2",69837,531,12720,3155,100,472,696,1324,184,1551,115,122,272548,5925,"XRF2"
"49","390C","U1557","B",1,"H","2","A",850,2.35,2.35,157217,59,7749,85675,347,1891,50431,-3642,47519,25868,19914,675,24415,223949,39281,"XRF2",190945,1741,1371,2031,7956,129274,1687,4247,824,1188,193,595,3159,4751,9144,1556,8409,533,447,28103,82074,"XRF2",69892,650,12212,3251,81,398,708,1301,247,1503,110,98,272663,5438,"XRF2"
"50","390C","U1557","B",1,"H","2","A",900,2.4,2.4,153763,54,7003,78277,337,2276,53716,-3575,45812,23811,18729,387,24728,213535,39890,"XRF2",190025,1669,1131,1942,7892,122604,1668,4196,803,1232,246,598,3196,4735,8897,1529,8585,539,211,28523,82577,"XRF2",69777,615,12005,3303,100,406,799,1285,245,1540,81,107,271943,5590,"XRF2"
"51","390C","U1557","B",1,"H","2","A",950,2.45,2.45,153982,74,6980,80141,246,2071,51218,-3392,45626,23586,19197,541,26048,216371,39226,"XRF2",187633,1719,1248,1900,8440,123515,1732,4336,771,1136,173,551,3226,4756,9066,1559,7844,272,444,28155,83097,"XRF2",69227,452,11740,3146,84,460,654,1314,268,1512,168,92,271345,5546,"XRF2"
"52","390C","U1557","B",1,"H","2","A",1000,2.5,2.5,153949,53,7010,79386,358,2143,52682,-3307,45216,23633,19094,354,26647,214808,39439,"XRF2",190338,1525,1278,1825,8427,122173,1666,4376,834,1289,223,586,3406,4691,8635,1576,8116,579,436,28205,83818,"XRF2",69332,399,11895,3153,81,394,632,1317,264,1364,112,130,270693,5222,"XRF2"
"53","390C","U1557","B",1,"H","2","A",1050,2.55,2.55,155638,64,6755,76915,149,2093,54782,-3356,44643,23962,19248,827,26999,219026,39759,"XRF2",191050,1589,1252,1945,8727,126186,1791,4338,817,1193,197,612,3412,4648,9024,1743,7932,448,225,27930,82496,"XRF2",69629,530,12207,3191,121,405,687,1289,283,1446,121,118,271237,4992,"XRF2"
"54","390C","U1557","B",1,"H","2","A",1100,2.6,2.6,156921,64,6767,78141,315,2162,55797,-3266,44456,24199,19257,621,28767,219764,40064,"XRF2",192240,1509,1360,1902,9155,125865,1750,4364,864,1262,214,650,3359,4427,8908,1795,7962,314,3,28506,83671,"XRF2",69990,549,12109,3165,53,451,658,1229,302,1467,95,144,271546,5420,"XRF2"
"55","390C","U1557","B",1,"H","2","A",1150,2.65,2.65,156851,9,6953,79017,301,2089,54066,-3447,44377,24851,18997,812,27342,220794,40748,"XRF2",192584,1617,1304,1893,9029,127552,1742,4354,888,1188,245,602,3324,4609,9022,1827,8009,707,476,29319,84496,"XRF2",69884,544,12482,3225,109,404,629,1353,312,1448,107,114,272164,5293,"XRF2"
"56","390C","U1557","B",1,"H","2","A",1200,2.7,2.7,158341,129,7502,84809,314,2056,51563,-3264,45855,25422,18964,485,28189,224233,39195,"XRF2",190469,1718,1472,1952,9052,127741,1780,4327,1013,1294,139,659,3236,4626,8863,1501,7858,546,287,28826,83476,"XRF2",69737,614,12313,3434,92,443,694,1236,213,1518,117,127,272353,5332,"XRF2"
"57","390C","U1557","B",1,"H","2","A",1250,2.75,2.75,158060,70,7086,82250,268,2155,53780,-2916,45391,25455,19239,463,25293,223468,39291,"XRF2",195429,1761,1359,1812,8384,127419,1888,4264,842,1241,221,654,3415,4465,9042,2157,7903,601,314,29668,85804,"XRF2",70403,623,12264,3262,87,397,682,1290,289,1438,83,111,271833,4959,"XRF2"
"58","390C","U1557","B",1,"H","2","A",1300,2.8,2.8,158822,65,7169,82368,358,2108,53653,-3745,45710,25143,19371,708,26439,225291,39225,"XRF2",194695,1601,1329,1886,8857,127264,1762,4179,840,1325,195,779,3365,4471,8936,1701,7693,431,526,29503,84915,"XRF2",70268,671,12364,3215,88,406,612,1300,278,1332,125,129,271818,5388,"XRF2"
"65","390C","U1557","B",1,"H","3","A",100,3.09,3.09,150899,36,5876,77578,318,2123,56165,-3668,42507,24278,17364,523,23850,204330,40116,"XRF2",188147,1504,1325,1797,7786,115715,1632,4243,752,1265,239,653,3474,4411,8937,1528,7094,589,572,28002,83244,"XRF2",69484,559,11256,3160,83,439,634,1282,177,1352,92,170,272098,5344,"XRF2"
"67","390C","U1557","B",1,"H","3","A",200,3.19,3.19,157427,38,7422,84286,315,2146,52168,-3739,46867,24578,19400,315,24067,220698,40631,"XRF2",190019,1666,1261,1810,7508,125488,1810,4205,775,1221,255,681,3241,4576,8888,1653,7754,263,339,28020,82332,"XRF2",69943,620,12151,3379,38,439,662,1345,233,1466,97,115,273772,5455,"XRF2"
"68","390C","U1557","B",1,"H","3","A",250,3.24,3.24,157553,103,7161,83371,299,2040,53473,-3499,47343,24960,20230,552,20323,225195,40245,"XRF2",189289,1772,1370,1984,6720,128379,1718,4065,822,1180,282,485,3261,4887,8736,1530,7804,446,471,28749,82319,"XRF2",69872,598,12368,3165,75,354,748,1281,199,1445,121,143,272029,5911,"XRF2"
"69","390C","U1557","B",1,"H","3","A",300,3.29,3.29,158913,35,7465,84561,435,2015,52030,-3490,48283,24912,20057,525,26976,226372,40258,"XRF2",187998,1728,1314,1894,8835,129996,1741,4228,961,1301,192,619,3100,4848,8785,1762,7910,465,1006,28609,81808,"XRF2",69442,436,12484,3198,109,397,713,1211,254,1473,122,152,271579,6382,"XRF2"
"70","390C","U1557","B",1,"H","3","A",350,3.34,3.34,155727,28,7230,82129,345,2062,52536,-3328,45399,22652,19146,692,27131,217535,39829,"XRF2",190332,1719,1304,1860,8947,124337,1822,4357,913,1251,233,582,3574,4712,8726,1652,7410,765,508,28074,83219,"XRF2",69624,513,12273,3194,100,474,703,1313,246,1416,126,168,272460,5874,"XRF2"
"71","390C","U1557","B",1,"H","3","A",400,3.39,3.39,154710,59,7129,83015,347,2044,50294,-3107,46203,23027,19282,409,27302,218902,39147,"XRF2",186935,1667,1172,1845,8854,124669,1754,4218,879,1203,187,644,3193,4697,8487,1742,7722,721,580,27249,80791,"XRF2",68881,508,11934,3093,113,372,655,1221,266,1348,96,120,271396,5380,"XRF2"
"72","390C","U1557","B",1,"H","3","A",450,3.44,3.44,150943,22,6374,75667,333,2199,52928,-3059,44063,22159,18584,469,20715,218095,38829,"XRF2",183813,1483,1216,1972,6849,124215,1780,4211,805,1217,150,576,3262,4634,8180,1763,7466,614,563,27767,81808,"XRF2",68384,501,12200,3113,94,361,669,1213,308,1411,86,71,270359,4476,"XRF2"
"73","390C","U1557","B",1,"H","3","A",500,3.49,3.49,152996,111,6857,79854,355,1942,51420,-3035,44326,22463,18299,540,26391,218633,39554,"XRF2",183852,1546,1147,1774,8435,125541,1861,4046,876,1234,164,654,3157,4660,8119,1855,7534,446,35,27916,80148,"XRF2",68505,586,12221,3114,108,385,709,1180,248,1384,139,128,271520,3677,"XRF2"
"74","390C","U1557","B",1,"H","3","A",550,3.54,3.54,153519,50,6539,77000,291,2032,54792,-2817,43418,22777,17921,566,26186,217327,39609,"XRF2",185969,1603,1272,1845,8327,124563,1814,4238,912,1249,199,583,3202,4536,8231,1632,7304,348,323,26939,80380,"XRF2",68887,464,11826,3146,99,367,625,1182,288,1406,106,152,272706,3801,"XRF2"
"75","390C","U1557","B",1,"H","3","A",600,3.59,3.59,156227,69,6954,81784,273,1808,52941,-3401,42640,40269,17518,561,25311,206861,40256,"XRF2",189713,1490,2120,1745,8409,116676,1696,4256,739,1129,141,600,3360,4453,8479,1649,7126,679,792,28190,85103,"XRF2",69219,643,11392,3112,67,459,562,1207,301,1340,92,182,272080,3989,"XRF2"
"76","390C","U1557","B",1,"H","3","A",650,3.64,3.64,159815,29,6022,76323,298,2397,56348,-3350,40919,78129,16317,501,23900,194583,40283,"XRF2",185257,1497,4166,1668,7710,110944,1431,4162,735,1145,156,586,3410,4223,12070,1780,6757,459,721,28209,81228,"XRF2",68846,749,10785,3217,85,430,586,1716,290,1336,75,154,272075,4131,"XRF2"
"77","390C","U1557","B",1,"H","3","A",700,3.69,3.69,161407,56,6738,80085,380,1937,51661,-2912,41617,111340,16244,755,21082,182566,38643,"XRF2",180204,1494,5912,1536,6803,103344,1312,4183,601,1068,146,462,3116,3989,15289,1695,6237,683,628,28010,79703,"XRF2",68256,915,10153,3173,87,397,523,2227,290,1216,45,137,271658,4355,"XRF2"
"78","390C","U1557","B",1,"H","3","A",750,3.74,3.74,158235,5,5749,72519,318,2024,51173,-2284,37963,138671,14964,924,16419,164300,38227,"XRF2",174292,1311,7009,1370,5545,93704,1283,4163,580,1090,114,460,3118,3594,15339,1282,6381,375,466,26899,77617,"XRF2",67474,1087,8986,3112,52,381,525,2229,158,1141,97,181,271733,4714,"XRF2"
"83","390C","U1557","B",2,"H","1","A",50,4.15,8.61,154908,17,4608,59322,246,1944,50079,-1448,37362,118943,15966,508,20059,183676,38464,"XRF2",166430,1429,6219,1553,7008,110613,1418,4047,568,1172,183,519,2515,3939,13224,1636,7542,464,1643,25570,69761,"XRF2",67150,896,10819,3025,95,368,541,2114,246,1371,112,353,277516,4643,"XRF2"
"88","390C","U1557","B",2,"H","1","A",300,4.4,8.86,188629,21,4318,55056,354,1948,49907,-3352,31878,365182,11307,832,16752,129102,39245,"XRF2",155116,1225,19497,1109,5882,74098,857,3709,494,840,99,440,2092,2866,30111,1308,5571,247,1165,26529,64311,"XRF2",66877,2155,7150,3032,64,258,465,4328,109,1035,67,199,274804,4179,"XRF2"
"89","390C","U1557","B",2,"H","1","A",350,4.45,8.91,209710,68,4259,51920,333,1891,54370,-4298,30804,431264,11579,1030,19887,137473,41332,"XRF2",163374,1314,26644,1268,8179,85347,990,3856,546,1030,137,573,2130,3425,27129,1405,6461,502,1063,28355,66081,"XRF2",67493,2769,8615,3038,107,316,507,3944,241,1251,80,220,274596,5571,"XRF2"
"90","390C","U1557","B",2,"H","1","A",400,4.5,8.96,189377,22,5438,65177,540,2004,48628,-2736,37210,300451,13849,875,26315,157993,39742,"XRF2",169410,1380,15522,1302,10018,94127,1304,3916,785,1028,133,529,2543,3788,20237,1398,6275,363,310,27228,72271,"XRF2",67765,1798,9212,3163,52,378,530,2849,238,1262,64,199,275014,5350,"XRF2"
"91","390C","U1557","B",2,"H","1","A",450,4.55,9.01,240498,27,2927,40100,656,2094,56282,-3169,23502,661727,7818,608,14518,94591,42464,"XRF2",152592,1084,41675,833,6021,56808,611,3681,529,812,140,343,1901,2402,35471,1403,5114,263,345,27411,61589,"XRF2",65029,4215,5723,3006,78,246,360,4890,214,973,73,90,271750,4613,"XRF2"
"92","390C","U1557","B",2,"H","1","A",500,4.6,9.06,152123,-28,3223,43105,119,2969,73468,-3527,34843,43775,16851,699,27416,204772,43898,"XRF2",176879,1300,2407,1661,9287,122398,1516,3998,824,1156,150,627,2900,4634,10959,1971,8015,472,320,27135,75054,"XRF2",68133,589,11965,3067,106,330,668,1697,346,1460,103,167,271828,6159,"XRF2"
"93","390C","U1557","B",2,"H","1","A",550,4.65,9.11,157397,30,6402,72164,336,2143,54538,-2990,46460,24141,19794,624,34273,229588,40189,"XRF2",180623,1732,1350,2039,11659,135212,1809,4100,890,1300,238,733,2773,4882,9671,2155,8294,427,277,27844,76073,"XRF2",68451,500,13297,3190,148,343,677,1326,276,1413,91,114,271505,5709,"XRF2"
"94","390C","U1557","B",2,"H","1","A",600,4.7,9.16,163809,129,8380,88709,505,1783,46844,-3090,51320,26450,21389,561,35867,239183,39801,"XRF2",184251,1902,1489,2152,11939,139466,1790,4093,912,1287,204,724,2789,4948,9658,2233,8234,659,450,27361,77474,"XRF2",69074,606,13515,3014,111,358,764,1391,268,1476,138,150,272512,4504,"XRF2"
"95","390C","U1557","B",2,"H","1","A",650,4.75,9.21,160094,86,8230,88342,333,1768,45851,-2954,51189,25795,21248,901,25785,240422,38396,"XRF2",181643,1979,1399,2181,8359,140180,1911,4055,1015,1357,190,599,2725,5200,9576,1886,8417,628,440,27225,76228,"XRF2",68806,418,13483,3092,49,323,708,1367,360,1514,117,102,271933,5564,"XRF2"
"96","390C","U1557","B",2,"H","1","A",700,4.8,9.26,163582,44,8553,90869,413,1697,44512,-2992,53066,26588,21840,593,33368,243106,39310,"XRF2",181699,1821,1443,2147,11223,141894,1842,3996,897,1289,236,746,2643,5175,9870,2021,8729,588,312,26930,74368,"XRF2",68825,498,13573,3154,97,364,705,1450,331,1603,165,143,271829,6008,"XRF2"
"97","390C","U1557","B",2,"H","1","A",750,4.85,9.31,162852,18,8659,90882,446,1621,45291,-3290,51805,28036,21681,277,32300,238932,39594,"XRF2",181849,1875,1533,2177,10817,139148,1715,3988,907,1265,234,680,2694,4960,10156,1821,8266,263,780,27576,74547,"XRF2",68933,540,13411,3256,104,320,663,1406,336,1507,122,136,272258,6005,"XRF2"
"98","390C","U1557","B",2,"H","1","A",800,4.9,9.36,159872,81,7522,80464,410,1994,49705,-3494,48811,25805,20963,294,32080,236257,40028,"XRF2",180703,1800,1479,2208,10609,139178,1847,4105,1004,1320,164,708,2622,5149,9779,1832,8626,689,673,27600,73357,"XRF2",68830,420,13525,3185,113,370,725,1340,281,1562,89,133,271402,5791,"XRF2"
"99","390C","U1557","B",2,"H","1","A",850,4.95,9.41,158452,32,6610,75227,416,2162,53172,-3401,48117,26421,20830,605,28893,231817,40166,"XRF2",180902,1758,1497,2092,9807,136583,1699,4110,901,1320,160,626,2570,5040,9643,1864,8482,600,494,27027,73861,"XRF2",68395,478,13139,3058,116,320,721,1469,275,1509,134,135,269354,5837,"XRF2"
"100","390C","U1557","B",2,"H","1","A",900,5,9.46,159602,75,7511,83910,385,1852,47743,-3144,49828,27836,21342,933,28621,235306,39655,"XRF2",179715,1837,1571,2185,9552,138517,1840,4234,874,1331,200,683,2706,5096,10139,2144,8639,573,268,27552,74201,"XRF2",68176,507,13258,3098,77,337,677,1471,393,1536,57,56,269798,5235,"XRF2"
"101","390C","U1557","B",2,"H","1","A",950,5.05,9.51,162040,92,8340,88420,519,1823,46472,-3372,50502,27773,22031,477,29691,237778,39711,"XRF2",182938,1851,1525,2202,9814,139251,1916,4065,902,1242,208,671,2590,4845,9902,2248,8629,699,54,27304,74960,"XRF2",68835,415,13518,3209,97,385,704,1338,290,1573,126,86,271634,5549,"XRF2"
"102","390C","U1557","B",2,"H","1","A",1000,5.1,9.56,161649,32,7700,85129,524,1934,49198,-3463,50081,27028,21666,523,28785,236607,40292,"XRF2",184573,1783,1455,2116,9663,137777,1823,4089,986,1338,254,683,2846,4925,9909,2032,8692,735,587,27661,77015,"XRF2",69245,580,13299,3137,96,368,697,1489,303,1541,66,103,272401,5616,"XRF2"
"103","390C","U1557","B",2,"H","1","A",1050,5.15,9.61,161011,70,6964,79228,448,2143,51185,-3328,49456,27324,21537,927,29117,238229,40358,"XRF2",183598,1753,1376,2139,9595,138458,1829,4093,927,1364,166,812,2897,5142,10190,1932,8631,639,488,27280,75326,"XRF2",69325,602,13545,3294,105,354,659,1435,360,1476,133,141,273665,5170,"XRF2"
"104","390C","U1557","B",2,"H","1","A",1100,5.2,9.66,161185,56,6933,79177,309,1966,52098,-3380,48916,27086,21327,742,31193,236625,39965,"XRF2",183678,1825,1509,2034,10125,137375,1776,4009,1015,1314,240,711,2831,4922,10110,2044,8394,848,64,28421,76750,"XRF2",69444,562,13249,3130,122,358,682,1485,335,1492,105,141,274555,5997,"XRF2"
"105","390C","U1557","B",2,"H","1","A",1150,5.25,9.71,160406,82,7173,79979,393,2009,50647,-3342,48812,27251,20957,454,27417,237008,40186,"XRF2",182616,1839,1482,2099,9271,137061,1807,4142,857,1290,210,679,2722,4947,10185,2176,8071,397,803,28359,75702,"XRF2",69101,462,13188,3094,123,362,715,1448,267,1401,145,103,274309,5379,"XRF2"
"106","390C","U1557","B",2,"H","1","A",1200,5.3,9.76,162202,63,7364,82757,393,2187,50026,-3431,48882,41471,20809,848,26031,230793,39987,"XRF2",184084,1701,2223,2141,8390,133811,1747,4141,908,1361,201,718,2775,4766,10673,2039,8319,519,311,26799,77667,"XRF2",69288,677,12894,3058,135,316,657,1504,279,1586,136,35,273811,5581,"XRF2"
"107","390C","U1557","B",2,"H","1","A",1250,5.35,9.81,176448,92,7549,82872,343,1993,47818,-3333,47108,155502,18733,895,22083,199713,39668,"XRF2",174777,1610,8121,1842,6899,113844,1460,4007,823,1126,199,582,2624,4108,18617,1535,7645,213,288,27829,72089,"XRF2",68585,1083,10773,3068,99,297,565,2601,226,1438,83,73,273591,5817,"XRF2"
"108","390C","U1557","B",2,"H","1","A",1300,5.4,9.86,167176,15,7684,84944,487,1805,45962,-3083,49156,93300,20986,825,22309,218224,38774,"XRF2",175650,1739,4932,1979,7390,124814,1665,4154,897,1159,209,588,2671,4602,14890,1740,8263,634,-43,27045,72194,"XRF2",68262,950,11894,3067,132,333,684,2071,328,1461,160,69,270977,6476,"XRF2"
"109","390C","U1557","B",2,"H","1","A",1350,5.45,9.91,159271,103,8024,84337,301,1825,46327,-3082,51225,33667,21348,683,24467,235350,38250,"XRF2",178672,1891,1709,2102,8072,137622,1738,4038,982,1321,180,589,2622,4901,9767,1661,8607,515,91,26830,74409,"XRF2",68437,558,13430,3104,82,351,769,1390,261,1589,97,87,269835,7181,"XRF2"
"110","390C","U1557","B",2,"H","1","A",1400,5.5,9.96,160452,53,7684,84903,446,1952,47369,-3351,50250,27221,21528,506,30102,236553,39126,"XRF2",183097,1853,1456,2011,9949,136684,1895,4286,1054,1324,170,737,2761,4716,9535,2045,8205,437,386,27228,76974,"XRF2",68978,568,13312,3137,129,332,709,1390,277,1511,128,103,271657,5872,"XRF2"
"111","390C","U1557","B",2,"H","1","A",1450,5.55,10.01,159477,115,7357,81102,508,2042,49842,-3117,47998,26510,21142,523,29039,233658,39601,"XRF2",185665,1722,1437,2053,9592,135858,1774,4113,1000,1375,235,726,2886,4939,9835,2096,8308,587,101,27730,80088,"XRF2",68980,511,13296,3149,100,362,634,1365,335,1503,128,126,271434,4928,"XRF2"
"112","390C","U1557","B",2,"H","1","A",1470,5.57,10.03,161428,-23,6344,73598,388,2287,56458,-3631,46497,27532,20851,932,30595,235443,41000,"XRF2",188993,1625,1503,2072,9994,136070,1848,4128,948,1265,255,801,3091,4752,9901,2109,8134,356,379,27661,79294,"XRF2",69583,555,13166,3273,125,319,614,1333,357,1576,142,117,271865,4343,"XRF2"
"113","390C","U1557","B",2,"H","2","A",50,5.65,10.11,192119,35,6547,74045,437,2035,50470,-3430,42662,256320,17114,1088,21811,186525,41474,"XRF2",169329,1534,13256,1536,7224,106347,1219,3957,802,1016,152,520,2392,3592,25391,1735,6988,273,144,28226,69365,"XRF2",67256,1612,10070,3082,137,315,580,3625,236,1286,110,68,270998,4605,"XRF2"
"114","390C","U1557","B",2,"H","2","A",100,5.7,10.16,184358,23,5509,64651,487,2356,58026,-3744,39733,219577,16555,963,22861,185738,42212,"XRF2",172073,1434,11506,1588,7940,107003,1332,4146,810,1086,201,529,2453,3901,22120,1712,6905,379,425,27237,70722,"XRF2",67612,1526,10261,3055,93,266,483,3175,298,1280,70,59,269798,4633,"XRF2"
"115","390C","U1557","B",2,"H","2","A",150,5.75,10.21,189081,57,5751,68152,479,1951,54599,-3521,39219,261550,15640,599,18244,177317,41400,"XRF2",167235,1431,13963,1442,6288,101861,1267,3761,643,1010,176,524,2325,3423,25845,1361,6589,300,256,27313,67752,"XRF2",67339,1790,9654,3020,94,321,451,3749,219,1171,64,31,273847,4144,"XRF2"
"116","390C","U1557","B",2,"H","2","A",190,5.79,10.25,208568,0,5364,62597,517,2005,52119,-3553,35006,414568,12989,829,15700,146091,40339,"XRF2",162412,1368,22197,1229,5271,82642,1011,3694,581,872,142,498,2153,3135,29736,1675,5599,453,421,27090,66571,"XRF2",66557,2482,7906,3006,67,307,410,4059,175,1089,62,54,273246,3529,"XRF2"
"117","390C","U1557","B",2,"H","2","A",265,5.865,10.325,198064,21,5194,61853,220,1778,48058,-2453,35472,381448,13169,808,14271,142733,38769,"XRF2",156377,1305,20626,1219,4971,81723,959,3802,576,941,120,464,2089,2880,30639,1128,5959,285,353,26591,65144,"XRF2",65407,2347,7793,3005,65,269,432,4226,163,1026,50,72,271147,3694,"XRF2"
"118","390C","U1557","B",2,"H","2","A",300,5.9,10.36,187293,21,6908,78482,444,1866,48115,-3473,45255,224376,18174,1031,21908,193699,40116,"XRF2",169905,1652,12246,1750,7640,110340,1306,3868,682,1036,125,595,2350,3746,21553,1536,7471,408,610,26845,68966,"XRF2",67938,1580,10780,2987,101,312,536,3051,249,1355,118,107,272421,4700,"XRF2"
"119","390C","U1557","B",2,"H","2","A",350,5.95,10.41,164530,104,8381,89362,441,1805,44935,-3149,51046,53681,22112,460,26451,233067,38213,"XRF2",177393,1813,2856,2131,8984,135026,1776,4040,833,1273,250,582,2531,4683,11998,1375,8654,511,219,27252,72556,"XRF2",68384,655,13115,3222,125,323,658,1810,246,1546,140,134,272093,5532,"XRF2"
"120","390C","U1557","B",2,"H","2","A",400,6,10.46,160452,141,7510,83600,315,2224,50701,-3416,49277,30694,21295,380,23443,235773,39610,"XRF2",182079,1699,1569,2128,7675,137273,1864,4044,864,1341,185,688,2726,4773,10005,1756,8488,831,99,27376,75903,"XRF2",68596,589,13309,3166,110,329,636,1480,274,1581,110,62,269843,5590,"XRF2"
"121","390C","U1557","B",2,"H","2","A",450,6.05,10.51,169791,69,7087,78611,399,1768,48958,-3450,44853,124568,18998,830,23023,207156,39197,"XRF2",175692,1644,6438,1857,7538,121034,1628,3902,856,1155,136,622,2664,4293,15341,1696,7806,733,211,27088,74021,"XRF2",67852,946,11779,3230,101,366,596,2143,290,1387,101,56,270174,5802,"XRF2"
"122","390C","U1557","B",2,"H","2","A",500,6.1,10.56,159057,91,7576,81366,479,2115,49415,-3215,47369,42474,20680,505,22842,226470,38750,"XRF2",180559,1771,2225,2059,7471,130589,1707,4097,881,1200,163,566,2870,4561,10715,2028,7873,477,-64,27678,75867,"XRF2",68175,577,12488,3082,92,348,705,1477,257,1408,150,79,269552,5488,"XRF2"
"123","390C","U1557","B",2,"H","2","A",550,6.15,10.61,156023,75,6866,75422,341,2046,52481,-3276,45749,31744,20929,456,21269,227473,39134,"XRF2",182216,1593,1692,2134,7059,130699,1779,3994,971,1253,183,631,2965,4724,10429,2100,7910,527,102,27561,78246,"XRF2",68465,562,12816,3118,97,387,640,1541,306,1437,101,23,270577,5045,"XRF2"
"124","390C","U1557","B",2,"H","2","A",600,6.2,10.66,159436,29,7221,80024,300,1945,52125,-3420,48030,30396,20753,662,23561,232221,39498,"XRF2",185813,1739,1653,2082,7653,134395,1796,4166,961,1206,235,663,2884,4583,10138,2335,8521,584,15,27880,78189,"XRF2",68963,478,13059,3217,82,389,664,1484,393,1573,150,39,272183,4811,"XRF2"
"125","390C","U1557","B",2,"H","2","A",650,6.25,10.71,261961,-38,4355,53689,504,1764,47601,-3746,28573,740940,9041,403,9656,105556,42766,"XRF2",152656,1175,43435,772,3367,59607,794,3674,502,754,66,346,2009,2219,41546,1319,4742,191,489,26615,59967,"XRF2",65681,4313,5779,2878,71,268,282,5749,221,916,79,62,274148,3552,"XRF2"
"126","390C","U1557","B",2,"H","2","A",700,6.3,10.76,190701,92,6599,73403,433,1846,51215,-3251,42103,262453,16219,900,18088,178508,40910,"XRF2",173005,1476,13998,1571,5775,99519,1257,4014,742,1004,160,567,2453,3514,23250,1987,7089,237,56,28351,71640,"XRF2",68250,1932,9599,3171,112,353,568,3319,231,1297,77,60,274027,4359,"XRF2"
"127","390C","U1557","B",2,"H","2","A",750,6.35,10.81,252072,-31,5081,59772,752,1779,48154,-3742,30992,680377,10253,924,10493,108932,41980,"XRF2",157142,1278,38189,933,3470,60020,721,3681,561,721,97,378,2110,2351,41593,1366,5012,176,334,28847,62865,"XRF2",66612,3810,5725,3049,59,264,379,5816,178,943,73,78,273932,3483,"XRF2"
"128","390C","U1557","B",2,"H","2","A",800,6.4,10.86,326614,-16,3485,42004,490,1263,42893,-3878,18228,1143958,4888,512,4766,49117,44854,"XRF2",140840,894,72179,459,1824,26600,291,3553,225,441,52,261,1355,1245,61039,736,2722,235,88,27617,51644,"XRF2",63550,7083,2649,2888,67,182,158,8336,123,582,39,66,270698,2962,"XRF2"
"129","390C","U1557","B",2,"H","2","A",850,6.45,10.91,309960,-58,3184,41839,515,1495,44773,-3432,18816,1061618,4961,312,5709,53562,43335,"XRF2",138995,931,67243,426,2094,28680,221,3554,289,450,69,156,1293,1065,58288,837,3204,484,184,26622,50435,"XRF2",63146,6362,2774,2886,93,193,199,8042,127,656,60,35,270770,2733,"XRF2"
"130","390C","U1557","B",2,"H","2","A",900,6.5,10.96,242190,78,4959,58607,446,1817,52579,-3877,31118,623899,9811,799,8834,113127,43080,"XRF2",156597,1213,34352,857,3022,63703,756,3778,521,775,100,341,2071,2322,40955,1278,5002,14,59,28458,63049,"XRF2",65928,3487,6089,3244,59,323,322,5635,149,875,9,17,271269,2343,"XRF2"
"131","390C","U1557","B",2,"H","2","A",950,6.55,11.01,251916,-19,5258,62870,698,1504,45219,-3677,31553,686200,9784,976,6118,108096,42661,"XRF2",152913,1303,39093,775,2261,59729,720,3790,561,783,170,326,1873,2248,42756,1038,4654,267,165,27166,61666,"XRF2",65583,4012,5781,3053,98,245,334,5969,156,883,85,46,272476,2825,"XRF2"
"132","390C","U1557","B",2,"H","2","A",1000,6.6,11.06,239182,9,4759,58146,437,1620,47291,-3177,30613,640356,9434,915,6688,102889,41023,"XRF2",151037,1242,37244,895,2337,57191,607,3765,485,637,100,286,1870,2125,41822,1121,4932,414,166,27864,60069,"XRF2",65432,3804,5490,3063,61,266,337,5782,214,806,72,52,273563,2450,"XRF2"
"133","390C","U1557","B",2,"H","2","A",1050,6.65,11.11,214899,3,5400,65044,501,1846,47826,-3701,35547,476869,12031,1088,7318,131894,39699,"XRF2",155214,1330,26449,1192,2540,73430,895,3835,535,865,129,371,2063,2788,34976,974,5729,219,338,26872,62658,"XRF2",66023,2748,7120,2954,107,259,424,4863,204,1051,132,73,273807,3896,"XRF2"
"134","390C","U1557","B",2,"H","2","A",1100,6.7,11.16,199125,55,6458,74552,434,1966,47195,-3666,42264,330761,15705,957,13677,167442,40102,"XRF2",160174,1489,18240,1542,4749,93775,1202,3949,677,999,163,418,2116,3270,29415,1177,6315,71,81,27230,66530,"XRF2",66851,1957,8982,3119,81,259,552,4174,211,1145,87,49,275266,4232,"XRF2"
"135","390C","U1557","B",2,"H","2","A",1150,6.75,11.21,173371,88,8311,90340,325,1841,45175,-3394,51362,112719,20919,1193,18506,222412,38921,"XRF2",175717,1908,5789,2050,6314,128643,1577,3932,820,1255,175,638,2394,4699,14218,1437,8741,599,424,27625,72036,"XRF2",69026,1102,12200,3268,72,293,758,1967,171,1556,109,85,274529,6809,"XRF2"
"136","390C","U1557","B",2,"H","2","A",1200,6.8,11.26,160787,32,7574,84241,294,2078,48508,-3308,51538,28580,22024,648,25557,238240,39216,"XRF2",179346,1909,1567,2216,8398,137219,2036,3962,913,1235,187,635,2526,5115,10140,1953,8784,555,34,27465,73923,"XRF2",68878,508,13255,3013,116,354,704,1449,295,1548,100,76,272955,6252,"XRF2"
"137","390C","U1557","B",2,"H","2","A",1250,6.85,11.31,160587,53,7970,87128,256,1893,47305,-3026,51349,32653,21579,455,22786,234037,39006,"XRF2",180470,1787,1771,2199,7543,135039,1801,4149,851,1285,191,632,2707,4994,10031,1611,8490,791,296,27908,75085,"XRF2",68795,489,12905,3107,115,348,714,1435,330,1511,153,111,271672,6596,"XRF2"
"138","390C","U1557","B",2,"H","2","A",1300,6.9,11.36,154474,42,7462,81518,302,1898,47637,-2898,48757,24636,20776,483,23381,226031,38453,"XRF2",178802,1709,1357,2175,7711,130690,1717,4046,986,1330,198,702,2765,4434,9202,1991,8251,374,425,27154,75990,"XRF2",68078,494,12699,3159,103,426,682,1362,338,1545,120,67,269298,6249,"XRF2"
"139","390C","U1557","B",2,"H","2","A",1350,6.95,11.41,155627,98,7260,82256,436,2029,47640,-3016,49285,25321,21207,1030,23053,230475,38375,"XRF2",179080,1705,1367,2103,7360,133612,1884,4018,892,1306,195,660,2648,4730,9269,2188,8583,708,266,26172,75313,"XRF2",67907,489,12714,3063,82,342,693,1392,331,1574,98,12,268793,5759,"XRF2"
"140","390C","U1557","B",2,"H","2","A",1400,7,11.46,157284,171,7457,82128,373,1879,48975,-3240,49062,25779,21435,715,25704,231891,38711,"XRF2",181144,1757,1400,2163,8448,133919,1844,4090,855,1296,281,728,2788,4922,9694,2248,8701,662,175,27357,76670,"XRF2",68428,515,12769,3204,76,433,659,1435,341,1498,122,65,272249,4879,"XRF2"
"141","390C","U1557","B",2,"H","2","A",1450,7.05,11.51,163797,44,7532,83257,537,2171,49258,-3052,49682,48183,21313,659,28072,232708,39416,"XRF2",178929,1882,2730,2138,9173,134796,1845,4025,870,1358,237,751,2459,4663,11185,2261,8787,783,262,26832,73803,"XRF2",68725,652,12950,3157,147,340,694,1554,309,1440,131,89,273923,4188,"XRF2"
"142","390C","U1557","B",2,"H","2","A",1470,7.07,11.53,172463,3,7443,84690,342,1765,48508,-3375,49898,97685,20884,573,27277,223645,40063,"XRF2",175943,1812,5557,1896,8959,128400,1560,4117,942,1299,205,671,2476,4377,16506,1908,8251,458,-32,27156,71650,"XRF2",69233,906,12466,3187,105,333,672,2368,308,1495,149,89,276130,5438,"XRF2"
"143","390C","U1557","B",2,"H","3","A",50,7.15,11.61,161312,20,5716,67313,424,2094,51953,-2698,44259,104585,19374,861,23293,203511,39041,"XRF2",163812,1607,6000,1946,7561,120752,1581,3779,792,1172,220,653,2153,4379,15654,1595,7806,420,236,26031,65740,"XRF2",66634,768,11567,2983,128,260,544,2179,297,1514,105,39,271487,6139,"XRF2"
"144","390C","U1557","B",2,"H","3","A",100,7.2,11.66,156015,45,7002,79873,325,1941,46279,-3070,50387,34692,21935,810,23266,229449,38955,"XRF2",170128,1874,1898,2256,8064,136633,1737,3869,780,1286,204,646,2312,4857,10951,1792,8497,258,202,25777,69438,"XRF2",67403,541,13403,3003,113,311,661,1614,236,1488,112,71,271377,6521,"XRF2"
"145","390C","U1557","B",2,"H","3","A",150,7.25,11.71,159911,78,8680,90977,463,1794,42602,-3069,53965,28144,22966,525,23055,241156,38589,"XRF2",174350,1950,1635,2363,7738,140889,1902,3894,819,1309,174,652,2314,5170,10229,1626,8882,726,466,26569,71190,"XRF2",68231,454,13774,3028,122,397,697,1475,267,1600,182,49,273057,6785,"XRF2"
"146","390C","U1557","B",2,"H","3","A",200,7.3,11.76,161701,59,8084,87881,459,1799,45329,-3341,53616,27788,23025,666,27247,242029,39429,"XRF2",177554,2000,1557,2384,9218,141780,1920,4010,852,1246,194,719,2383,5129,10252,2025,9416,622,312,27475,73113,"XRF2",68622,395,13516,3127,111,374,764,1518,319,1611,110,54,271813,7202,"XRF2"
"147","390C","U1557","B",2,"H","3","A",250,7.35,11.81,160888,97,7211,80847,313,1979,48457,-2920,50563,29322,21998,235,30551,238264,38968,"XRF2",178805,1936,1645,2326,10143,139718,1920,4099,888,1334,231,679,2611,4849,10362,2127,8809,415,274,27310,72573,"XRF2",68396,559,13559,3098,142,311,659,1514,389,1559,101,120,270881,6361,"XRF2"
"148","390C","U1557","B",2,"H","3","A",280,7.38,11.84,167214,168,8381,89701,514,1820,46231,-3297,52272,46040,22200,584,29419,241399,40099,"XRF2",180628,1918,2373,2277,9770,139980,1774,4000,918,1364,219,697,2489,5121,10972,2350,8791,469,87,27563,73176,"XRF2",68838,577,13526,3295,143,348,604,1471,336,1596,70,59,272184,5669,"XRF2"
"149","390C","U1557","B",2,"H","3","A",350,7.45,11.91,207123,83,6790,75460,477,1829,46447,-3290,41470,375163,15324,890,16988,161286,40396,"XRF2",160535,1561,20949,1497,5522,92309,1146,3791,592,870,137,489,2114,3301,30652,1380,6594,430,-61,27804,65037,"XRF2",67004,2217,8832,2979,88,325,493,4490,229,1158,67,11,273662,4341,"XRF2"
"150","390C","U1557","B",2,"H","3","A",400,7.5,11.96,168371,13,7452,83284,362,1966,44527,-3166,47317,113591,20167,785,22321,211458,38341,"XRF2",170969,1836,6097,1931,7374,122169,1481,3904,848,1261,216,579,2317,4253,15460,1740,8138,359,-8,26796,69545,"XRF2",67293,958,11820,3183,80,255,610,2291,259,1354,90,68,270658,6071,"XRF2"
"151","390C","U1557","B",2,"H","3","A",450,7.55,12.01,155076,59,6683,76582,360,2077,48699,-2895,48080,32227,21370,375,23035,228863,38652,"XRF2",174037,1802,1739,2126,7540,134054,1900,4047,898,1270,209,707,2428,4674,10412,1892,8410,776,106,27155,72556,"XRF2",67718,447,12750,3028,138,295,715,1549,310,1475,129,54,270301,6733,"XRF2"
"152","390C","U1557","B",2,"H","3","A",500,7.6,12.06,159564,77,7770,86255,388,1921,46520,-3207,51660,26854,22419,541,26278,238061,39064,"XRF2",177853,1852,1394,2252,8826,138919,1798,4083,1005,1361,215,669,2433,5011,10122,1807,8997,705,343,26214,73041,"XRF2",68197,550,13422,3120,100,371,668,1414,294,1680,146,56,268691,7177,"XRF2"
"153","390C","U1557","B",2,"H","3","A",550,7.65,12.11,163615,76,8861,93386,466,1738,44207,-3148,53678,27054,23295,566,26903,246383,38946,"XRF2",179590,1826,1421,2398,8824,143191,1949,4087,1006,1400,247,735,2351,5142,10191,2029,8954,602,183,27472,72957,"XRF2",68653,469,13655,3154,94,291,727,1395,303,1634,78,31,270548,6775,"XRF2"
"154","390C","U1557","B",2,"H","3","A",600,7.7,12.16,166590,102,9042,94582,486,1737,44368,-3317,53119,37408,22864,728,30256,242161,39392,"XRF2",181721,1982,2034,2227,9980,141161,1820,4195,1044,1249,207,803,2518,4998,10722,2274,8884,895,293,27960,74274,"XRF2",68941,554,13621,3133,121,342,697,1508,324,1575,127,46,270702,5998,"XRF2"
"155","390C","U1557","B",2,"H","3","A",650,7.75,12.21,207584,47,7417,82581,604,1690,42719,-3717,44924,357073,16420,1189,17165,170451,40383,"XRF2",162203,1696,18979,1575,5890,96676,1112,3861,743,999,164,407,2017,3705,30535,1351,6841,551,463,27820,63886,"XRF2",67048,2269,9237,3016,58,307,496,4037,215,1245,83,126,272516,5191,"XRF2"
"156","390C","U1557","B",2,"H","3","A",700,7.8,12.26,175128,60,7326,83127,426,1960,45580,-3348,49263,142397,20353,657,23184,209516,39076,"XRF2",170542,1814,7564,1978,7407,121764,1540,4009,794,1154,108,691,2188,4545,17751,1507,8312,608,510,27315,68028,"XRF2",68020,1138,11566,3144,90,246,669,2525,245,1502,120,91,272867,6928,"XRF2"
"157","390C","U1557","B",2,"H","3","A",750,7.85,12.31,163377,142,8535,91964,411,1804,44036,-3257,53825,36756,23290,249,26951,238516,38412,"XRF2",176926,1870,1953,2335,9235,138512,1790,4119,948,1298,207,659,2385,5190,10922,1497,8813,518,477,27566,71433,"XRF2",68796,590,13355,3029,105,279,777,1603,253,1616,142,52,271084,8409,"XRF2"
"158","390C","U1557","B",2,"H","3","A",800,7.9,12.36,159232,42,7655,83859,385,2129,47122,-3245,50910,27827,22585,537,29026,233821,39002,"XRF2",177478,1938,1564,2290,9756,136469,1708,3938,888,1290,229,691,2620,4952,10133,1574,8683,191,435,27139,72591,"XRF2",68790,500,13304,3014,122,327,700,1389,165,1614,126,101,271982,8813,"XRF2"
"159","390C","U1557","B",2,"H","3","A",850,7.95,12.41,155573,49,7697,83071,269,1877,46296,-2788,49777,24693,21481,572,30835,226660,37846,"XRF2",175098,1891,1303,2164,10091,132808,1785,4044,897,1265,244,623,2549,4669,10096,1664,8211,697,836,27141,72623,"XRF2",67934,592,12689,3190,156,348,670,1354,268,1604,122,92,270578,8234,"XRF2"
"160","390C","U1557","B",2,"H","3","A",900,8,12.46,159117,99,7996,84247,331,1886,47170,-3238,51012,25286,22414,394,29998,235256,38333,"XRF2",178887,1916,1389,2237,9796,137386,1783,4004,973,1328,217,621,2604,4811,10088,1853,8644,636,228,27398,74060,"XRF2",68493,571,13389,3065,113,356,635,1407,299,1570,141,108,271398,7247,"XRF2"
"161","390C","U1557","B",2,"H","3","A",950,8.05,12.51,253565,23,5371,61357,622,1474,41203,-3396,32916,676286,10835,912,13663,117892,40512,"XRF2",153318,1256,39222,1044,4850,67604,849,3907,662,791,103,426,1678,2682,37619,1465,5695,407,196,27053,60327,"XRF2",66547,4040,6617,3021,78,254,416,5366,180,918,15,61,275398,5008,"XRF2"
"162","390C","U1557","B",2,"H","3","A",1000,8.1,12.56,183680,88,7410,82037,491,1937,48345,-3037,47003,181377,19015,1012,26419,203407,39462,"XRF2",175889,1693,9282,1883,8747,117913,1451,3899,868,1185,173,592,2423,4132,19772,1878,7725,165,147,28126,71729,"XRF2",68361,1236,11448,3005,112,310,636,2839,310,1387,69,57,273511,5689,"XRF2"
"163","390C","U1557","B",2,"H","3","A",1050,8.15,12.61,324040,-23,3659,45958,677,1414,40768,-3418,17809,1147566,4533,310,5067,42106,42414,"XRF2",137206,918,75409,401,1663,21421,155,3522,261,378,37,200,1243,835,62015,574,2583,196,173,26766,50434,"XRF2",63740,7017,2089,2783,30,153,145,8720,98,552,61,24,274043,2766,"XRF2"
"164","390C","U1557","B",2,"H","3","A",1100,8.2,12.66,330849,-42,2542,36390,540,1299,40927,-3143,14371,1199080,3659,788,5030,36847,42901,"XRF2",136161,781,77593,359,1727,19222,172,3508,263,368,79,173,1232,783,62525,572,2916,239,136,26522,49213,"XRF2",63231,7376,1940,2917,35,191,117,8568,86,413,28,20,274099,2685,"XRF2"
"165","390C","U1557","B",2,"H","3","A",1150,8.25,12.71,330767,-5,2454,34785,535,1509,45773,-3584,14345,1184253,4174,234,5191,41625,43062,"XRF2",140995,815,76954,373,1772,22743,187,3653,255,366,54,159,1348,842,63176,655,2816,291,227,26798,51049,"XRF2",63773,7465,2230,2939,74,196,179,8615,120,587,73,44,273327,2905,"XRF2"
"166","390C","U1557","B",2,"H","3","A",1200,8.3,12.76,352561,-20,2196,31193,559,1291,41360,-3585,11119,1306520,2970,492,4407,32692,45105,"XRF2",139645,783,86665,249,1577,17881,202,3646,245,348,27,123,1178,726,64463,525,2360,478,1,27607,49487,"XRF2",63351,8104,1784,2811,45,168,110,8913,93,527,14,50,272483,2588,"XRF2"
"167","390C","U1557","B",2,"H","3","A",1250,8.35,12.81,353082,-73,2220,31311,867,1319,43605,-3566,11491,1305605,2716,453,4363,32239,44987,"XRF2",140313,629,83857,254,1576,17527,147,3589,234,328,46,161,1268,766,64227,533,2572,512,213,27536,50940,"XRF2",63580,7856,1752,2910,23,184,140,8872,101,476,22,11,271971,2422,"XRF2"
"168","390C","U1557","B",2,"H","3","A",1300,8.4,12.86,344889,-71,2060,30106,598,1557,44696,-3812,10491,1270374,3010,450,4056,31751,44848,"XRF2",140833,577,80414,250,1495,17446,161,3649,216,293,70,154,1320,791,64300,550,2437,18,571,27501,50850,"XRF2",63727,7505,1776,2924,15,211,124,8827,87,546,58,30,272474,2585,"XRF2"
"169","390C","U1557","B",2,"H","3","A",1350,8.45,12.91,322034,-29,2575,34697,693,1549,45754,-3905,15204,1126340,4236,455,6024,53570,42838,"XRF2",143887,723,72917,399,2194,29016,339,3638,332,415,65,227,1565,1206,57295,746,3008,92,327,27726,53199,"XRF2",64414,6909,2823,2845,73,243,243,7857,70,549,33,49,275112,3128,"XRF2"
"170","390C","U1557","B",2,"H","3","A",1390,8.49,12.95,290706,-31,3231,42648,582,1634,48166,-3841,21898,935295,6249,408,8612,73656,42361,"XRF2",147341,981,58804,610,2684,39278,392,3810,379,519,82,313,1698,1715,49881,1054,4059,232,424,26998,56678,"XRF2",64704,5485,3717,2908,80,184,294,7128,144,678,41,45,275140,3316,"XRF2"
"171","390C","U1557","B",2,"H","4","A",50,8.65,13.11,300688,-72,1128,21414,430,1960,64378,-3685,8570,1055266,2441,602,3652,29040,46512,"XRF2",133982,579,72897,270,1474,16281,128,3433,221,330,56,171,1293,660,62045,480,2283,271,537,26505,47826,"XRF2",62246,6882,1642,2805,50,164,151,8588,104,524,52,58,271945,2650,"XRF2"
"172","390C","U1557","B",2,"H","4","A",100,8.7,13.16,311648,-81,1258,22193,410,2062,64602,-3551,8978,1097590,2890,327,3423,30304,47891,"XRF2",136869,559,71904,208,1449,16915,169,3533,169,317,63,136,1322,730,63874,576,2336,411,51,27253,50022,"XRF2",63100,6797,1665,2803,79,183,179,8991,56,486,42,14,271864,2994,"XRF2"
"173","390C","U1557","B",2,"H","4","A",150,8.75,13.21,307444,-68,1249,21366,534,2251,63816,-4169,8842,1084122,2556,457,3935,29664,46470,"XRF2",137152,585,73294,271,1578,16632,177,3620,281,312,58,183,1278,814,63113,684,2380,96,346,27252,49741,"XRF2",62800,6665,1586,2845,50,207,182,8716,94,526,75,90,270998,2550,"XRF2"
"174","390C","U1557","B",2,"H","4","A",200,8.8,13.26,312398,-87,1242,23388,489,2257,66002,-3916,9519,1094480,2793,609,3923,30827,47194,"XRF2",138576,623,72848,220,1580,17024,112,3538,245,365,29,143,1383,682,65493,542,2316,81,65,27731,50099,"XRF2",62958,6793,1667,2792,59,153,169,8872,114,527,12,39,270082,2622,"XRF2"
"175","390C","U1557","B",2,"H","4","A",250,8.85,13.31,352715,-65,1964,28920,672,1505,47741,-3792,10938,1299573,3024,472,4173,31674,46032,"XRF2",139304,536,84654,211,1525,17366,168,3661,217,320,41,170,1222,740,65042,478,2392,80,458,27586,48583,"XRF2",62848,8046,1770,2911,60,183,142,8733,87,483,13,53,270000,2473,"XRF2"
"176","390C","U1557","B",2,"H","4","A",300,8.9,13.36,345986,-78,1898,28688,602,1406,46347,-3693,10608,1272997,3115,209,4199,30697,45656,"XRF2",138197,634,85554,311,1595,17172,139,3579,265,323,84,162,1211,728,64514,581,2412,27,42,27241,48988,"XRF2",62820,8019,1715,2857,50,169,182,9041,85,501,10,10,270721,2729,"XRF2"
"177","390C","U1557","B",2,"H","4","A",350,8.95,13.41,361244,-38,2368,32006,601,1220,42336,-4138,11983,1335346,3413,328,5155,35483,45945,"XRF2",138342,713,88413,283,1800,19637,266,3595,273,324,35,153,1098,857,63770,478,2365,69,223,26853,47659,"XRF2",62782,8085,2027,2884,41,104,192,8840,82,494,61,54,269296,3288,"XRF2"
"178","390C","U1557","B",2,"H","4","A",400,9,13.46,332537,-75,1497,24391,546,1814,61778,-4432,9622,1189319,3019,359,4196,30897,47752,"XRF2",140631,574,80362,280,1612,17193,165,3621,288,371,45,141,1254,715,67323,588,2235,95,318,27453,49474,"XRF2",63240,7816,1764,2830,47,173,169,9247,70,469,58,-1,269993,2677,"XRF2"
"179","390C","U1557","B",2,"H","4","A",450,9.05,13.51,302663,-43,1117,21284,522,2463,71200,-4482,8087,1045956,2534,384,3914,29175,48370,"XRF2",137500,493,70196,209,1423,16330,142,3594,185,339,47,190,1457,629,64735,608,2565,189,154,27484,49552,"XRF2",62751,6517,1714,2779,42,209,121,8991,97,477,68,29,270498,2765,"XRF2"
"180","390C","U1557","B",2,"H","4","A",500,9.1,13.56,260364,-69,868,18349,280,2478,72318,-3130,6988,866253,2239,263,3372,26051,43846,"XRF2",129031,453,62485,210,1464,15012,155,3452,247,339,58,125,1349,633,61025,577,2314,145,243,25854,48422,"XRF2",61362,6056,1565,2795,43,147,169,8311,101,467,53,63,269859,2544,"XRF2"
"181","390C","U1557","B",2,"H","4","A",550,9.15,13.61,343844,-63,1446,25348,656,1828,58046,-4497,9829,1245750,2943,294,4274,31430,47896,"XRF2",138038,687,83101,281,1655,17323,136,3531,215,336,78,146,1124,663,66399,523,2468,378,144,27398,47946,"XRF2",62771,7797,1866,2820,38,196,133,9048,91,547,31,39,270535,2947,"XRF2"
"182","390C","U1557","B",2,"H","4","A",600,9.2,13.66,340218,-72,1793,27425,545,1463,48276,-3155,10376,1247654,2940,438,4226,30300,45791,"XRF2",136972,600,84108,280,1565,16738,183,3485,210,287,38,163,1164,729,63950,495,2625,180,100,26632,47004,"XRF2",62250,7955,1635,2899,99,176,89,8842,107,452,35,16,268831,2645,"XRF2"
"183","390C","U1557","B",2,"H","4","A",650,9.25,13.71,372513,-51,2024,30981,556,1164,43685,-4211,11428,1386818,3301,612,4777,32804,46546,"XRF2",139583,725,92211,259,1636,17969,110,3663,207,321,85,150,1064,806,66813,672,2742,155,96,27528,46956,"XRF2",62808,8623,1928,2887,41,136,180,9311,71,393,27,54,270003,3045,"XRF2"
"184","390C","U1557","B",2,"H","4","A",700,9.3,13.76,369924,-36,2173,30065,552,1460,45751,-4138,11173,1372671,3294,542,4579,32825,46912,"XRF2",140619,702,91418,274,1663,17602,188,3691,281,283,34,121,1126,796,66250,551,2883,144,394,27801,47777,"XRF2",63021,8528,1783,2861,21,149,158,9145,93,525,60,77,270411,2928,"XRF2"
"185","390C","U1557","B",2,"H","4","A",750,9.35,13.81,334950,-53,1628,25736,621,1650,56432,-4087,9576,1209196,3023,530,4321,30916,46527,"XRF2",138695,588,80884,275,1661,17136,140,3590,284,364,81,163,1243,671,65861,671,2382,3,140,27316,48426,"XRF2",62937,7581,1869,2907,44,142,124,8996,82,412,21,23,270879,2860,"XRF2"
"186","390C","U1557","B",2,"H","4","A",800,9.4,13.86,334161,-61,1439,24519,750,1937,58881,-4217,9745,1208292,2990,599,3803,30474,46053,"XRF2",135982,680,81631,246,1547,17007,130,3335,210,294,29,151,1159,685,65687,537,2439,142,105,26534,46380,"XRF2",62510,7606,1712,2798,44,199,173,9129,43,523,40,22,269580,3034,"XRF2"
"187","390C","U1557","B",2,"H","4","A",850,9.45,13.91,295994,-47,1353,21673,331,1946,64793,-3366,8331,1034169,2557,289,4156,28375,45030,"XRF2",133210,540,69947,218,1501,15893,112,3608,239,320,50,175,1277,745,63006,511,2303,252,96,26865,48186,"XRF2",61977,6394,1593,2820,33,162,86,8726,150,573,11,7,269920,2717,"XRF2"
"188","390C","U1557","B",2,"H","4","A",900,9.5,13.96,303713,-49,1458,22291,388,1748,61385,-3890,8189,1074122,2596,330,4079,28695,44120,"XRF2",133618,561,70973,261,1543,15976,203,3327,214,329,65,169,1244,663,62278,602,2289,123,164,26743,49195,"XRF2",62228,6691,1627,2818,19,176,157,8559,118,546,13,6,270823,2657,"XRF2"
"191","390C","U1557","B",2,"H","5","A",50,9.65,14.11,336127,-19,1542,25748,498,1808,54854,-3657,10030,1223095,3081,497,4550,30660,44995,"XRF2",136647,590,72590,232,1811,16388,136,3577,281,342,57,125,1368,667,63656,668,2655,129,22,27414,50031,"XRF2",62760,6506,1573,2971,58,233,116,8691,136,571,21,57,271890,2651,"XRF2"
"192","390C","U1557","B",2,"H","5","A",110,9.71,14.17,326252,-63,1609,25875,479,1627,52725,-3707,9230,1186273,2592,345,4456,29700,45166,"XRF2",133969,621,79230,312,1621,16763,157,3546,177,292,42,134,1271,647,63117,559,2455,136,197,26866,47774,"XRF2",61943,7447,1689,2754,47,148,170,8781,97,471,31,10,269565,2859,"XRF2"
"193","390C","U1557","B",2,"H","5","A",150,9.75,14.21,322274,-61,1354,24762,429,1700,56151,-3498,9819,1163412,2806,490,3922,30080,44670,"XRF2",136536,626,77475,304,1600,16735,185,3329,259,351,90,133,1259,695,63304,490,2295,105,87,27385,48523,"XRF2",62691,7156,1646,2934,33,204,184,8742,105,428,64,62,271760,2530,"XRF2"
"194","390C","U1557","B",2,"H","5","A",200,9.8,14.26,354559,-83,1713,28047,599,1588,53301,-4604,10731,1298109,2682,354,4984,31236,46803,"XRF2",139854,688,84698,263,1796,17352,147,3636,243,322,62,125,1228,751,66549,573,2379,77,-13,27322,48755,"XRF2",63456,7910,1779,2884,69,212,123,9282,141,588,42,40,271882,2638,"XRF2"
"195","390C","U1557","B",2,"H","5","A",250,9.85,14.31,332187,-52,1809,26961,593,1699,52177,-3997,9587,1209301,2673,645,4937,29813,44993,"XRF2",137894,585,77866,265,1803,16402,146,3583,266,338,15,137,1371,719,62806,456,2130,205,168,27030,50291,"XRF2",62692,7053,1592,2755,63,162,93,8755,151,467,40,41,270095,2709,"XRF2"
"196","390C","U1557","B",2,"H","5","A",300,9.9,14.36,353105,-62,1909,28370,380,1459,52283,-4831,10602,1293179,3073,398,5203,31311,46201,"XRF2",143010,597,81829,256,1779,17275,194,3624,246,440,75,146,1401,707,65366,523,2423,98,347,28349,52313,"XRF2",63801,7735,1725,2951,57,208,129,9108,104,491,36,45,270811,2728,"XRF2"
"197","390C","U1557","B",2,"H","5","A",350,9.95,14.41,340739,-47,1815,26747,292,1736,54774,-4131,10189,1237179,2819,332,6580,31024,45663,"XRF2",141985,547,75993,215,2359,16671,167,3662,239,318,57,176,1495,679,64661,468,2700,52,35,28032,52439,"XRF2",63620,6763,1633,2851,71,231,188,8926,120,494,36,39,271056,2685,"XRF2"
"198","390C","U1557","B",2,"H","5","A",400,10,14.46,317099,-18,1502,23613,517,2080,64428,-4392,9265,1122010,2602,264,7024,30310,45737,"XRF2",138163,496,68742,224,2497,15892,180,3557,269,300,52,128,1447,705,63064,647,2491,178,460,27244,50973,"XRF2",63242,6489,1591,2918,23,225,133,8588,50,445,52,24,271346,2731,"XRF2"
"199","390C","U1557","B",2,"H","5","A",450,10.05,14.51,326577,-29,1372,24106,599,2079,63636,-4629,9286,1166280,3055,496,4764,30359,46177,"XRF2",138459,497,69731,259,1850,16445,178,3542,250,303,76,123,1487,676,64118,578,2394,64,206,27505,51078,"XRF2",63385,6455,1732,2903,58,189,182,9023,72,521,77,94,272402,2686,"XRF2"
"200","390C","U1557","B",2,"H","5","A",500,10.1,14.56,346828,-22,1842,28170,636,1632,52717,-4126,10426,1265574,2919,418,4475,30896,46009,"XRF2",141518,600,79043,215,1715,17055,134,3530,227,347,85,139,1429,812,65999,686,2361,346,139,27711,51072,"XRF2",63570,7269,1746,2838,56,187,163,9014,82,453,36,54,271074,2677,"XRF2"
"201","390C","U1557","B",2,"H","5","A",550,10.15,14.61,356462,-79,2184,29754,433,1493,48218,-4089,10886,1311570,2851,446,5172,31702,45670,"XRF2",143432,617,85175,266,1874,17326,172,3598,185,384,46,175,1353,686,65883,605,2659,296,253,27890,50883,"XRF2",63705,7886,1889,2822,51,181,158,9034,115,482,73,13,269780,2567,"XRF2"
"202","390C","U1557","B",2,"H","5","A",600,10.2,14.66,351368,-57,1866,28938,460,1341,51533,-4275,10126,1286811,3093,372,5307,31835,46120,"XRF2",142306,643,82398,319,1899,17454,153,3669,185,335,75,179,1403,652,65371,630,2512,156,17,28047,50671,"XRF2",63652,7517,1696,2778,56,194,146,9140,54,443,45,42,270562,2453,"XRF2"
"203","390C","U1557","B",2,"H","5","A",650,10.25,14.71,352693,-30,1661,26146,533,1779,58562,-4813,10557,1280390,2580,580,4251,31882,47143,"XRF2",142396,639,82695,345,1751,17512,219,3641,250,322,73,124,1311,838,66780,457,2934,86,166,28029,50415,"XRF2",63501,7638,1800,2883,66,190,168,9200,109,471,27,56,268729,2972,"XRF2"
"204","390C","U1557","B",2,"H","5","A",700,10.3,14.76,352871,-54,1811,27433,599,1718,54006,-4286,10326,1292378,3053,344,4727,31460,46089,"XRF2",140466,711,81969,257,1849,17271,205,3592,211,345,76,170,1268,761,65732,577,2463,264,303,27206,49760,"XRF2",63415,7458,1600,2931,66,200,121,9195,118,449,47,47,270732,2707,"XRF2"
"205","390C","U1557","B",2,"H","5","A",750,10.35,14.81,361401,-27,1784,28553,683,1773,51161,-4052,11121,1329078,3094,658,5071,31852,47258,"XRF2",140573,665,81400,231,1796,17293,157,3545,206,341,49,164,1300,667,66333,529,2270,73,85,27811,49021,"XRF2",63336,7610,1756,2866,45,172,161,9262,92,451,50,10,271087,2822,"XRF2"
"206","390C","U1557","B",2,"H","5","A",770,10.37,14.83,351079,-37,1754,27132,695,1583,52556,-4390,10413,1282819,3018,217,7357,31495,46058,"XRF2",140164,608,84921,206,2778,17625,60,3641,295,338,95,175,1284,753,66580,473,2441,279,332,27536,48681,"XRF2",63133,8288,1769,2890,37,192,150,9132,79,455,19,96,270093,2858,"XRF2"
"208","390C","U1557","B",3,"H","1","A",100,13.7,18.16,305329,-64,1546,25530,520,1320,43256,-2307,9172,1118394,2514,636,4923,26982,42148,"XRF2",127678,661,80609,229,1776,15769,148,3524,214,312,62,138,1053,628,60100,505,2136,232,-21,25394,44668,"XRF2",61554,7609,1623,2797,28,199,155,8526,98,480,35,51,273659,2164,"XRF2"
"209","390C","U1557","B",3,"H","1","A",150,13.75,18.21,183349,-1,2983,39800,499,1731,50916,-554,23841,412207,8941,688,9505,100557,37102,"XRF2",139940,1029,24084,840,3251,58708,741,3606,505,739,50,355,1941,2356,33492,979,4688,501,179,24891,58697,"XRF2",62838,2538,5821,2827,97,247,319,4547,145,812,35,43,273876,2959,"XRF2"
"210","390C","U1557","B",3,"H","1","A",200,13.8,18.26,235414,0,2583,35909,314,1610,46979,-1755,19363,706217,6975,642,8790,74313,38105,"XRF2",138464,820,38008,565,2870,42515,487,3566,423,568,83,269,1786,1653,44849,791,3705,340,-139,26940,55846,"XRF2",63684,3633,4064,2845,39,296,266,6259,179,814,59,22,275884,2973,"XRF2"
"211","390C","U1557","B",3,"H","1","A",250,13.85,18.31,207224,-27,2201,31518,454,1584,49005,-1849,17094,594159,6371,320,7181,70585,37577,"XRF2",142892,904,38626,709,2810,50981,558,3550,515,678,112,317,1804,2045,37736,1057,4556,337,185,25797,57701,"XRF2",64338,4032,5315,3073,74,255,382,5616,213,947,61,24,274370,3132,"XRF2"
"212","390C","U1557","B",3,"H","1","A",300,13.9,18.36,301275,-28,1299,23119,562,1286,45138,-2131,8057,1105817,2206,276,3626,24478,42166,"XRF2",127877,542,81930,188,1519,14487,143,3394,192,290,62,142,1072,622,59118,485,2132,127,332,25042,45269,"XRF2",61525,7822,1516,2797,33,135,132,8426,107,527,35,44,273398,2016,"XRF2"
"213","390C","U1557","B",3,"H","1","A",350,13.95,18.41,336041,-43,1554,25172,686,1615,50904,-3868,9174,1237414,2590,415,4127,27538,44616,"XRF2",136314,648,89446,251,1544,15523,194,3649,193,338,69,134,1065,683,64407,524,2169,189,152,27371,46177,"XRF2",62600,8196,1596,2824,58,186,131,9032,106,586,73,48,270313,2361,"XRF2"
"214","390C","U1557","B",3,"H","1","A",400,14,18.46,314380,-83,1160,21924,389,1553,58827,-2803,8945,1131423,2444,248,3941,26784,44658,"XRF2",132941,553,76781,201,1444,14960,198,3388,165,270,78,156,1250,656,62116,445,2150,189,202,26948,47919,"XRF2",62361,7042,1556,2953,49,145,108,8599,121,414,44,29,272698,1792,"XRF2"
"215","390C","U1557","B",3,"H","1","A",450,14.05,18.51,271747,-62,1089,20115,444,1619,51954,-759,6853,972640,2182,330,3397,22763,40685,"XRF2",124347,460,74405,212,1363,13851,151,3387,172,261,69,155,1163,536,57488,593,1995,94,121,25234,44671,"XRF2",61115,7069,1420,2745,33,145,98,8281,133,510,67,59,271431,1995,"XRF2"
"216","390C","U1557","B",3,"H","1","A",500,14.1,18.56,222470,-33,1868,30067,245,1589,51738,-1475,15959,674204,5110,682,3605,61289,38402,"XRF2",132095,819,45020,585,1259,37594,454,3446,375,549,43,242,1591,1367,43882,787,3485,211,117,24666,52280,"XRF2",61873,4380,3740,2858,49,246,265,6192,144,650,40,44,273238,1846,"XRF2"
"217","390C","U1557","B",3,"H","1","A",550,14.15,18.61,257143,-30,2564,37007,336,1277,48013,-2314,18315,823014,5427,475,4187,62066,40589,"XRF2",138193,961,53157,561,1609,36794,374,3630,399,517,70,290,1519,1509,51149,727,3579,122,153,25719,53340,"XRF2",63186,4892,3664,2918,85,210,222,7124,136,715,84,62,272445,1911,"XRF2"
"218","390C","U1557","B",3,"H","1","A",600,14.2,18.66,270141,-30,2412,34318,530,1242,48738,-2387,16544,891627,4802,616,4021,55762,41845,"XRF2",137145,809,58394,422,1543,31945,290,3480,367,448,102,250,1553,1174,54217,756,3075,302,262,25855,50285,"XRF2",62409,5588,3276,2910,39,157,205,7672,161,513,48,105,271424,1717,"XRF2"
"220","390C","U1557","B",3,"H","2","A",50,14.32,18.78,236201,-56,4845,58687,511,2045,54894,-2827,35692,570084,11217,914,14184,127702,43700,"XRF2",163127,1400,31181,1048,4997,73543,767,3943,623,875,116,415,2152,3072,36623,1553,6124,655,27,28299,63767,"XRF2",59559,3135,7056,2696,65,283,505,5079,225,1199,40,68,208536,5328,"XRF2"
"221","390C","U1557","B",3,"H","2","A",95,14.365,18.825,184241,6,6084,70105,438,2160,55590,-3177,46134,185387,19036,885,23399,213563,41134,"XRF2",178410,1641,9157,1851,7720,125821,1647,4034,877,1410,165,636,2506,4766,17280,1766,8728,542,242,28700,73224,"XRF2",60568,1158,12102,3057,126,382,660,2445,265,1579,118,33,206410,5632,"XRF2"
"222","390C","U1557","B",3,"H","2","A",150,14.42,18.88,209884,-11,4529,56433,312,2029,53167,-2680,36013,445494,12299,884,14615,138450,41162,"XRF2",157065,1353,23645,1089,5017,78291,1046,3803,608,970,158,489,2119,2883,34538,1330,5979,-59,-15,27087,63597,"XRF2",57706,2528,7403,2782,117,314,459,4902,202,1174,83,26,205638,3767,"XRF2"
"223","390C","U1557","B",3,"H","2","A",200,14.47,18.93,156094,39,6100,68974,373,2051,49101,-1680,45801,79574,19317,726,19052,213349,37144,"XRF2",168903,1689,4101,1990,6254,122227,1642,3912,776,1163,155,584,2384,4692,12746,1662,8195,729,65,25543,70367,"XRF2",58764,821,11936,2809,75,340,611,1750,218,1615,107,65,204188,5737,"XRF2"
"224","390C","U1557","B",3,"H","2","A",250,14.52,18.98,150963,8,6197,70337,329,1787,46593,-1171,44891,61705,19277,650,24001,207741,37246,"XRF2",165190,1606,3303,1997,7560,120314,1719,3912,863,1565,166,760,2392,4540,12083,1764,7800,779,126,25966,69090,"XRF2",57716,655,11610,2850,99,303,620,1603,292,1412,113,115,206927,5655,"XRF2"
"225","390C","U1557","B",3,"H","2","A",300,14.57,19.03,154510,67,6914,75258,239,1888,50221,-2785,49429,29682,20859,820,28852,229646,38263,"XRF2",172665,1784,1602,2044,9352,133506,1760,3883,902,1623,213,729,2426,4831,10874,1721,8572,652,265,25397,70393,"XRF2",59445,590,12777,2851,138,297,616,1596,252,1569,104,33,209075,6414,"XRF2"
"230","390C","U1557","B",3,"H","3","A",50,14.84,19.3,166352,79,9352,93125,562,1766,43732,-2718,59017,27560,24817,592,27318,263681,38612,"XRF2",176219,2299,1450,2480,9392,155081,2025,3904,902,1486,312,760,2226,5418,10303,2371,9289,760,378,27200,68965,"XRF2",59786,522,14991,2843,89,288,755,1498,354,1684,89,60,204401,5376,"XRF2"
"231","390C","U1557","B",3,"H","3","A",100,14.89,19.35,163876,81,8865,90780,456,1788,43457,-2932,57553,28352,24049,569,27680,258080,38795,"XRF2",175272,2216,1554,2388,9258,151806,1970,4107,973,1479,211,695,2106,5521,10702,2376,9252,794,602,27025,67300,"XRF2",59631,550,14775,3012,104,233,793,1556,360,1724,142,55,203898,6090,"XRF2"
"232","390C","U1557","B",3,"H","3","A",150,14.94,19.4,166633,35,8685,90675,523,1721,45157,-3042,57919,27387,24832,608,30580,261145,39578,"XRF2",177428,2094,1536,2346,10242,153616,1952,4093,941,1327,199,747,2206,5540,10585,2000,9125,694,79,27950,69999,"XRF2",60321,545,14712,2782,125,308,720,1614,294,1743,125,79,204267,7027,"XRF2"
"233","390C","U1557","B",3,"H","3","A",200,14.99,19.45,170164,83,9862,101301,562,1802,40990,-2914,60129,27944,25293,853,30844,267124,38416,"XRF2",178994,2230,1527,2438,10513,155897,1925,3880,1017,1515,207,765,2243,5555,10762,1912,9412,467,158,27299,68342,"XRF2",60839,464,15093,2995,115,326,734,1548,357,1703,137,97,206650,6579,"XRF2"
"234","390C","U1557","B",3,"H","3","A",250,15.04,19.5,169779,53,10299,102770,648,1492,38576,-2553,60752,29203,25490,716,30786,267755,38164,"XRF2",178327,2286,1467,2517,10170,155306,1950,3933,927,1397,188,712,2179,5691,10914,2332,9553,690,222,26934,68980,"XRF2",60663,501,14678,2799,146,342,742,1594,396,1750,116,63,206904,6337,"XRF2"
"235","390C","U1557","B",3,"H","3","A",300,15.09,19.55,168846,119,10257,101562,595,1526,39158,-2690,60030,29736,24924,680,31177,264466,37502,"XRF2",179207,2219,1489,2503,10483,154192,1894,4175,1041,1458,217,708,2279,5456,10669,2168,9385,607,495,27733,69684,"XRF2",60374,500,15137,2964,95,254,752,1498,308,1676,115,89,205111,5441,"XRF2"
"236","390C","U1557","B",3,"H","3","A",350,15.14,19.6,167991,7,9214,93932,469,1702,43416,-3095,57469,30365,24417,388,28553,265051,38388,"XRF2",180262,2104,1659,2437,9636,154153,2009,4252,1093,1424,145,698,2350,5482,10605,2123,9121,542,138,27573,70209,"XRF2",60321,611,14879,2985,105,320,790,1487,349,1675,189,95,204185,5122,"XRF2"
"237","390C","U1557","B",3,"H","3","A",400,15.19,19.65,164812,18,8320,86832,425,1727,44056,-2881,54190,33096,24391,783,32801,257849,37892,"XRF2",177076,2043,1810,2434,11332,151395,2130,4103,941,1297,211,767,2279,5200,10617,1993,8927,417,292,27017,70183,"XRF2",60009,554,14604,2894,92,328,714,1524,336,1587,124,128,205009,5256,"XRF2"
"238","390C","U1557","B",3,"H","3","A",450,15.24,19.7,173860,97,8803,90824,564,1545,42439,-2824,54267,84700,23180,477,32931,246861,37767,"XRF2",173728,2029,4545,2323,11479,143429,1958,4120,1006,1436,267,669,2253,4951,13338,2049,8991,304,382,27012,68110,"XRF2",59470,746,14059,2902,56,241,776,1917,277,1620,69,83,203585,5168,"XRF2"
"239","390C","U1557","B",3,"H","3","A",500,15.29,19.75,176166,74,9280,95740,496,1288,37152,-2561,55226,131808,21818,1006,25639,228937,36256,"XRF2",165843,2000,6919,2124,8791,132086,1622,3853,825,1296,241,645,1909,4722,16691,1766,8682,653,133,26112,65605,"XRF2",58757,1078,12625,2857,81,245,739,2301,246,1537,150,44,204609,5152,"XRF2"
"240","390C","U1557","B",3,"H","3","A",550,15.34,19.8,179098,92,8704,91058,481,1579,42019,-2856,54794,121704,22240,756,38634,233277,38233,"XRF2",168518,2025,6410,2098,14098,135040,1782,4028,865,1334,207,644,1914,4931,16250,1813,8556,460,215,27128,63587,"XRF2",59434,1000,13149,2858,91,195,755,2285,280,1574,129,140,205803,6157,"XRF2"
"241","390C","U1557","B",3,"H","3","A",600,15.39,19.85,171472,140,9633,99313,343,1430,41925,-2888,60824,31787,24914,576,38267,264136,38650,"XRF2",178091,2301,1655,2603,13722,153943,2024,3879,867,1346,244,789,2143,5577,11276,2036,9122,752,409,27954,68229,"XRF2",60938,517,14851,2933,111,286,832,1654,285,1719,126,129,206871,7766,"XRF2"
"242","390C","U1557","B",3,"H","3","A",650,15.44,19.9,174601,97,10270,104293,503,1369,36694,-2690,60989,37350,24997,779,52319,263184,37015,"XRF2",176747,2217,1781,2332,20409,152758,2008,4348,1106,1390,147,690,1954,5564,10955,1899,9315,841,583,27201,67437,"XRF2",60452,561,14930,2839,86,258,758,1557,300,1671,168,122,206035,6835,"XRF2"
"243","390C","U1557","B",3,"H","3","A",700,15.49,19.95,167418,119,9754,98478,405,1524,41680,-2933,60359,29791,24799,726,26577,261752,37788,"XRF2",176823,2196,1568,2452,9183,151030,2128,3903,899,1506,309,766,2158,5687,10906,1817,9404,535,183,27314,69688,"XRF2",60484,486,14631,2860,89,294,741,1454,289,1618,173,101,205599,7905,"XRF2"
"244","390C","U1557","B",3,"H","3","A",750,15.54,20,178057,168,9633,97437,523,1616,42633,-3329,58802,80521,24593,923,29578,252465,39636,"XRF2",178330,2316,4139,2397,10623,146670,1757,4061,888,1351,227,716,2179,5373,13755,1944,9405,341,178,27971,68588,"XRF2",61536,746,14243,2944,90,263,774,2043,297,1638,125,85,208355,8231,"XRF2"
"245","390C","U1557","B",3,"H","3","A",800,15.59,20.05,309568,-45,3404,42382,530,1085,40363,-3207,21707,1065781,5690,492,6532,61231,42089,"XRF2",137125,971,67156,533,2469,32948,354,3468,305,491,69,194,1238,1245,59469,866,3075,122,330,26320,48836,"XRF2",54925,6417,3232,2565,44,148,248,8395,113,567,38,47,207628,3092,"XRF2"
"246","390C","U1557","B",3,"H","3","A",850,15.64,20.1,308929,-32,2677,35373,578,1313,44713,-3017,17842,1083855,4920,321,5433,48160,42917,"XRF2",136926,891,68933,396,1967,26083,180,3588,279,433,43,212,1242,1067,59669,614,2733,28,219,26325,50917,"XRF2",54879,6550,2533,2555,58,163,161,8273,124,570,83,27,208975,3074,"XRF2"
"247","390C","U1557","B",3,"H","3","A",900,15.69,20.15,317157,-10,2442,33231,534,1194,40974,-2234,15789,1141257,4200,474,4901,42721,42933,"XRF2",134053,748,73933,368,1802,22978,217,3450,281,378,52,151,1132,882,60555,728,2743,22,244,26050,48763,"XRF2",54365,7013,2274,2587,43,159,170,8585,73,502,34,73,206290,2729,"XRF2"
"248","390C","U1557","B",3,"H","3","A",950,15.74,20.2,328916,-80,1787,26847,517,1359,47268,-3165,11726,1202766,3414,269,4908,35953,43912,"XRF2",134942,684,76980,308,1830,19696,238,3542,219,361,47,150,1243,916,63863,592,2996,252,56,26634,48031,"XRF2",54154,7442,2037,2631,54,125,152,8850,115,537,3,25,205875,2868,"XRF2"
"249","390C","U1557","B",3,"H","3","A",1000,15.79,20.25,301312,-83,1340,22954,376,973,44322,-1690,10276,1100776,3061,404,5184,30947,42192,"XRF2",128195,551,69357,292,1737,17208,93,3512,227,325,43,101,1224,731,59014,366,2311,227,166,25368,46747,"XRF2",53100,5878,1682,2527,58,131,124,8344,53,503,60,18,207571,2386,"XRF2"
"250","390C","U1557","B",3,"H","3","A",1050,15.84,20.3,315922,-47,1543,23530,649,1331,45820,-1881,9904,1164984,2937,436,4735,29573,42670,"XRF2",131167,582,74344,247,1596,16247,152,3509,203,325,34,97,1204,698,61639,400,2460,60,360,25118,48174,"XRF2",53685,7165,1712,2666,63,212,167,8582,33,480,24,18,206776,2443,"XRF2"
"251","390C","U1557","B",3,"H","3","A",1100,15.89,20.35,345041,7,2151,28573,800,1112,39204,-2601,11625,1289148,2937,683,5068,32690,44459,"XRF2",134724,641,84964,320,1795,18271,143,3404,212,318,58,160,1084,844,63920,377,2783,206,188,25799,46567,"XRF2",53973,8254,1843,2572,38,184,123,9033,98,550,16,39,205129,2403,"XRF2"
"252","390C","U1557","B",3,"H","3","A",1150,15.94,20.4,383662,-36,2310,30976,794,720,38439,-3853,12391,1450145,3203,251,5035,33879,46081,"XRF2",139079,753,96099,234,1858,18419,139,3712,253,368,32,259,1048,771,69211,489,2680,40,24,27139,45965,"XRF2",54747,9140,1806,2606,19,144,116,9762,101,525,22,24,205423,2703,"XRF2"
"253","390C","U1557","B",3,"H","3","A",1200,15.99,20.45,361486,-27,2112,28696,774,1068,41491,-3219,11906,1355598,2862,370,4775,32140,45530,"XRF2",136899,634,90077,262,1756,17910,177,3609,178,289,42,144,1128,728,67484,528,2547,105,304,27171,46592,"XRF2",54339,8710,1886,2563,52,143,116,9325,46,427,30,44,206147,2636,"XRF2"
"254","390C","U1557","B",3,"H","3","A",1250,16.04,20.5,372103,-2,2127,28995,856,1096,41501,-3172,11935,1398722,3135,515,5131,32675,46247,"XRF2",137844,671,93231,296,1685,17855,250,3589,196,337,64,136,1075,786,67860,552,2723,193,548,27287,46330,"XRF2",54603,8637,1815,2593,56,153,88,9317,81,471,34,16,207171,2429,"XRF2"
"255","390C","U1557","B",3,"H","3","A",1300,16.09,20.55,361521,-79,2046,27276,662,1104,43481,-3215,11101,1355997,2815,270,4267,32473,45258,"XRF2",136574,711,91530,228,1480,17793,128,3459,193,348,64,135,1070,707,66950,504,2421,104,26,26973,47418,"XRF2",54213,8515,1779,2625,55,155,200,9406,47,423,49,52,206422,2573,"XRF2"
"256","390C","U1557","B",3,"H","3","A",1350,16.14,20.6,374273,-51,2101,28100,472,1288,46585,-4183,11663,1395339,3026,400,4455,34911,46944,"XRF2",141286,674,92303,267,1680,19306,209,3621,236,314,53,113,1072,911,69980,388,2910,213,183,27707,46439,"XRF2",55239,8733,1989,2787,40,147,151,9389,64,524,31,19,206222,2858,"XRF2"
"257","390C","U1557","B",3,"H","3","A",1400,16.19,20.65,343297,-57,2013,28048,503,1055,37467,-2860,11074,1294839,2584,491,4296,30335,41896,"XRF2",132366,665,89298,314,1624,16996,108,3414,166,268,40,139,1013,734,65014,492,2404,115,118,24909,46662,"XRF2",54739,8445,1751,2678,37,127,113,9206,84,461,38,38,213503,2448,"XRF2"
"258","390C","U1557","B",3,"H","4","A",50,16.34,20.8,335182,-75,1692,24507,570,1540,52236,-2962,10276,1230735,2637,306,4635,30696,45264,"XRF2",137897,680,86361,262,1785,17459,189,3571,212,361,83,141,1206,704,67803,483,2481,108,38,27075,46935,"XRF2",54962,7593,1661,2644,53,142,199,9431,110,481,22,59,209042,2564,"XRF2"
"259","390C","U1557","B",3,"H","4","A",100,16.39,20.85,341188,-67,1769,25000,666,1590,51919,-3026,10185,1253512,2629,404,4728,31012,45517,"XRF2",139827,641,83966,280,1791,17502,218,3592,166,337,107,156,1279,734,68464,528,2700,283,257,28104,48276,"XRF2",54706,7398,1683,2629,25,234,101,9337,106,515,53,25,204573,2892,"XRF2"
"260","390C","U1557","B",3,"H","4","A",150,16.44,20.9,360438,-59,1799,25996,525,1229,48272,-3682,11488,1326130,2638,358,4994,31943,46263,"XRF2",139127,628,87985,205,1922,17847,160,3594,226,341,92,186,1235,801,68473,575,2669,42,310,27878,47864,"XRF2",54643,8183,1772,2586,39,166,161,9499,64,417,45,1,204492,2554,"XRF2"
"261","390C","U1557","B",3,"H","4","A",200,16.49,20.95,362395,-66,1918,25954,543,1379,51867,-3715,11119,1345503,3106,488,4175,32504,46822,"XRF2",140117,657,90602,223,1665,17960,164,3643,202,334,36,122,1189,713,68466,318,2689,149,104,27086,47339,"XRF2",54830,8745,1802,2733,46,197,160,9670,96,478,37,30,204674,2407,"XRF2"
"262","390C","U1557","B",3,"H","4","A",250,16.54,21,355705,-60,1883,25509,718,1596,55234,-4065,10299,1300431,3189,538,4656,32026,47031,"XRF2",142159,636,85022,288,1877,17761,196,3677,247,262,46,183,1366,735,69634,580,2556,87,335,28013,50085,"XRF2",55403,7918,1734,2648,50,161,165,9695,71,461,51,69,206058,2606,"XRF2"
"263","390C","U1557","B",3,"H","4","A",300,16.59,21.05,356323,-64,1635,24884,495,1570,55073,-3938,10582,1311984,3060,369,4954,32584,47183,"XRF2",141107,735,85653,236,1829,17749,164,3653,253,316,84,147,1280,841,68901,601,2447,223,67,28608,49833,"XRF2",55250,8012,1804,2535,49,190,169,9736,66,421,42,41,205237,2479,"XRF2"
"264","390C","U1557","B",3,"H","4","A",350,16.64,21.1,357054,-84,1937,26707,755,1573,47663,-3690,11054,1329651,2912,388,4723,32449,46507,"XRF2",138183,614,88866,184,1767,17527,196,3578,221,346,78,120,1298,768,67331,535,2490,302,82,27108,48495,"XRF2",54428,8244,1751,2604,58,144,104,9311,59,426,37,58,204744,2590,"XRF2"
"265","390C","U1557","B",3,"H","4","A",400,16.69,21.15,366857,-33,1940,26281,606,1479,52395,-3941,11480,1362161,2831,447,4811,32758,46908,"XRF2",138569,724,90560,270,1860,18280,159,3524,189,323,50,142,1171,814,69717,529,2737,278,18,28177,45854,"XRF2",54453,8584,1772,2657,66,125,168,9917,93,548,22,14,204080,2902,"XRF2"
"266","390C","U1557","B",3,"H","4","A",450,16.74,21.2,363353,-49,1539,24520,665,1629,54657,-4114,11152,1344192,2954,344,4511,33061,48044,"XRF2",138308,648,91086,227,1782,17890,201,3590,183,330,52,143,1082,814,69760,541,2983,295,361,27668,46308,"XRF2",54321,8548,1849,2655,37,140,173,9610,112,484,8,20,203755,2625,"XRF2"
"267","390C","U1557","B",3,"H","4","A",500,16.79,21.25,357006,-60,1551,24639,768,1476,54376,-3646,11191,1319462,2885,256,4635,32346,47099,"XRF2",138401,624,84558,245,1660,17643,162,3566,221,317,66,139,1176,691,68662,519,2464,112,370,28021,47557,"XRF2",54662,7380,1644,2744,41,158,124,9562,88,477,33,47,206233,2866,"XRF2"
"268","390C","U1557","B",3,"H","4","A",525,16.815,21.275,369840,-70,1776,26152,724,1416,49934,-3913,11817,1380250,3156,334,5713,32847,47025,"XRF2",139979,675,91046,251,1765,17973,163,3597,201,299,51,126,1109,740,68428,516,2705,214,173,27534,47691,"XRF2",54929,8179,1818,2662,21,135,171,9673,48,438,26,23,205891,2655,"XRF2"
"269","390C","U1557","B",3,"H","4","A",600,16.89,21.35,360956,-31,1829,26424,638,1214,49882,-3978,11417,1340310,3081,62,4484,32770,47073,"XRF2",139804,600,87207,279,1663,18086,174,3612,219,385,71,143,1174,759,68953,486,2431,158,281,27287,47330,"XRF2",55234,8198,1876,2659,85,148,160,9558,95,536,17,21,207393,2763,"XRF2"
"270","390C","U1557","B",3,"H","4","A",650,16.94,21.4,356947,-16,1934,26968,603,1538,52049,-3921,11224,1318836,3098,465,4386,32652,46416,"XRF2",140884,626,84957,242,1649,17671,117,3493,210,296,79,136,1256,824,67909,466,2443,144,386,27631,48942,"XRF2",55224,7899,1894,2599,35,165,136,9513,93,477,32,28,205456,2499,"XRF2"
"271","390C","U1557","B",3,"H","4","A",700,16.99,21.45,377358,-71,2294,29298,481,1226,46294,-4350,12070,1410678,3092,265,4721,33720,46948,"XRF2",142663,698,91926,390,1736,17989,202,3677,238,310,68,144,1211,806,69447,368,2355,155,296,27400,50024,"XRF2",55443,8742,1751,2680,79,158,154,9338,104,606,59,18,205445,2659,"XRF2"
"272","390C","U1557","B",3,"H","4","A",750,17.04,21.5,364315,-50,2073,27216,571,1336,49357,-4235,11333,1353433,2943,516,4482,33440,47353,"XRF2",141567,725,89605,258,1619,18065,130,3629,203,306,64,166,1166,784,68434,542,2429,183,207,28490,49088,"XRF2",55408,8221,1834,2631,62,234,180,9511,70,546,33,47,206451,2627,"XRF2"
"273","390C","U1557","B",3,"H","4","A",790,17.08,21.54,367747,-72,1851,25964,813,1449,52355,-3925,11362,1365225,3273,443,4575,33442,47320,"XRF2",142605,694,90218,267,1713,18147,160,3559,207,346,98,159,1340,781,68925,569,2626,236,229,28093,48659,"XRF2",55423,8334,1800,2700,44,176,130,9621,94,466,19,47,206109,2965,"XRF2"
"274","390C","U1557","B",3,"H","4","A",850,17.14,21.6,347013,-65,1415,23207,437,2058,59578,-4086,10313,1268085,3091,300,4362,32201,46953,"XRF2",140389,582,81372,305,1665,17746,195,3625,212,340,83,122,1267,710,68395,443,2501,55,340,28034,48624,"XRF2",55246,7529,1770,2650,51,171,124,9633,54,494,31,45,207286,2682,"XRF2"
"275","390C","U1557","B",3,"H","4","A",900,17.19,21.65,351473,-61,1526,23579,694,1670,57155,-3511,11124,1289138,3099,323,4883,31848,47578,"XRF2",140374,680,82208,249,1836,17491,192,3544,279,284,52,182,1326,750,68343,585,2372,72,388,27563,50281,"XRF2",55210,7777,1763,2711,73,140,180,9554,99,513,27,7,206239,2477,"XRF2"
"276","390C","U1557","B",3,"H","4","A",950,17.24,21.7,383943,-46,2203,29708,644,1256,44542,-4263,12242,1437906,2867,399,7853,33273,47243,"XRF2",143574,742,95951,296,2817,18678,208,3641,258,295,61,223,1226,727,70205,555,2566,178,-11,28480,48368,"XRF2",55748,9176,2037,2790,63,193,134,9817,85,540,30,33,206869,2841,"XRF2"
"277","390C","U1557","B",3,"H","4","A",1000,17.29,21.75,378654,-47,2231,29263,678,1440,46527,-3813,11837,1413360,3093,411,5041,34101,47482,"XRF2",143917,692,95125,282,1840,18727,120,3622,210,317,45,162,1202,785,71013,558,2650,200,146,28101,48186,"XRF2",55590,9114,1868,2708,79,128,127,9864,89,436,41,45,205997,2634,"XRF2"
"278","390C","U1557","B",3,"H","4","A",1055,17.345,21.805,385183,-75,2170,30167,691,1016,43539,-3665,12215,1444495,3236,458,6866,34138,47314,"XRF2",143166,729,96522,283,2299,18454,193,3651,227,367,66,140,1220,778,69867,570,2776,232,240,28423,48005,"XRF2",55441,9150,1745,2612,34,183,161,9876,116,518,57,50,205109,2674,"XRF2"
"279","390C","U1557","B",3,"H","4","A",1100,17.39,21.85,386692,-67,2126,28781,514,1080,45743,-4009,12083,1450687,3287,493,4985,33991,47630,"XRF2",143511,806,97179,297,1824,19233,154,3599,220,321,90,187,1079,745,71091,483,2371,14,285,28876,47213,"XRF2",55235,8871,1813,2651,63,145,124,9763,130,499,1,11,204026,2702,"XRF2"
"280","390C","U1557","B",3,"H","4","A",1150,17.44,21.9,393415,-76,2190,29143,713,1324,47201,-4152,12408,1471726,3222,664,6610,34879,47962,"XRF2",143049,846,97235,306,2411,18985,155,3645,217,345,32,226,1068,760,72459,652,2218,296,89,28794,46903,"XRF2",55531,9241,1896,2650,42,156,161,9804,93,493,30,25,206743,2709,"XRF2"
"282","390C","U1557","B",4,"H","1","A",50,23.15,27.61,234451,28,4390,51882,567,1639,48212,-2233,31619,589262,12201,878,13683,130203,40403,"XRF2",153663,1285,34239,1047,4697,75362,873,3725,573,1279,173,396,1916,2779,36921,1311,6034,387,333,27406,61291,"XRF2",56619,3548,7450,2773,71,193,403,5128,186,1050,81,46,205567,3709,"XRF2"
"283","390C","U1557","B",4,"H","1","A",80,23.18,27.64,155663,46,7626,82911,428,1604,42741,-1693,50768,34985,22645,501,23410,236520,37066,"XRF2",171288,1924,1821,2208,7843,138527,1899,3873,965,1430,254,692,2272,4831,10515,1990,9116,808,607,26386,68723,"XRF2",58916,543,13466,2814,113,320,715,1511,269,1650,124,38,203426,5016,"XRF2"
"284","390C","U1557","B",4,"H","1","A",120,23.22,27.68,161377,61,7379,80051,396,2015,50875,-2506,51642,32154,23185,703,24899,247236,39657,"XRF2",177631,1892,1738,2263,8390,143484,2103,4023,895,1323,209,650,2372,5038,10720,2158,9457,509,473,27674,71316,"XRF2",60350,511,14006,2837,103,295,703,1536,342,1802,131,5,205025,5192,"XRF2"
"285","390C","U1557","B",4,"H","1","A",150,23.25,27.71,189835,39,6240,70536,524,1930,56142,-3433,48022,178078,21444,953,23394,232252,41860,"XRF2",183064,1719,10140,2028,7626,135795,1948,4037,886,1382,242,675,2475,4858,16903,2036,9185,808,388,28884,72048,"XRF2",61332,1366,13250,3008,97,382,574,2394,349,1666,150,47,206241,5186,"XRF2"
"286","390C","U1557","B",4,"H","1","A",200,23.3,27.76,295117,-43,3428,42821,517,1686,49524,-3826,23954,958314,7076,740,8585,74565,43362,"XRF2",141326,948,52684,599,3135,38809,431,3601,333,529,80,300,1428,1335,58407,762,3704,169,213,27905,51781,"XRF2",55740,5344,3705,2724,79,191,263,8043,89,601,60,54,206782,3262,"XRF2"
"287","390C","U1557","B",4,"H","1","A",235,23.335,27.795,342196,-29,3293,40290,617,1327,45920,-3445,19779,1210390,4872,516,6765,54375,44488,"XRF2",142032,984,75920,387,2535,29532,283,3637,264,439,62,176,1239,1301,62124,576,3379,109,232,27703,48472,"XRF2",55807,7295,2924,2748,54,178,238,8865,173,665,29,43,207913,2857,"XRF2"
"288","390C","U1557","B",4,"H","1","A",320,23.42,27.88,354324,-8,3445,42849,604,899,40347,-3259,21174,1262184,5260,747,7284,56569,44616,"XRF2",140974,1171,78851,473,2385,30440,227,3505,314,429,108,181,1135,1258,63729,732,3630,169,206,27998,48203,"XRF2",55362,7306,3068,2639,46,195,251,8766,121,698,7,31,206508,2881,"XRF2"
"289","390C","U1557","B",4,"H","1","A",350,23.45,27.91,342553,-27,3270,41250,512,1192,46644,-3157,22197,1191896,5546,351,7575,61644,45017,"XRF2",143755,1094,75180,438,2699,34448,302,3541,306,494,99,257,1162,1425,61750,787,3665,110,392,27964,49262,"XRF2",56281,7186,3397,2739,54,188,203,8570,148,684,49,19,209019,3204,"XRF2"
"290","390C","U1557","B",4,"H","1","A",400,23.5,27.96,316168,-20,3478,44302,779,1313,47613,-3658,22916,1055123,6724,608,8419,70602,43500,"XRF2",141946,956,65688,648,2949,36282,302,3616,291,528,52,229,1238,1344,61790,655,3615,213,220,27219,50949,"XRF2",55808,6121,3547,2704,30,187,224,8691,116,606,11,40,208546,2656,"XRF2"
"291","390C","U1557","B",4,"H","1","A",450,23.55,28.01,317302,-42,2337,33197,510,1513,45565,-2501,16302,1122954,4368,582,7523,48239,43161,"XRF2",136492,851,70738,375,2707,26331,292,3634,331,550,29,179,1182,1117,59548,618,3071,149,306,26574,48463,"XRF2",54463,6362,2750,2600,59,128,163,8256,97,612,57,44,206102,2483,"XRF2"
"292","390C","U1557","B",4,"H","1","A",490,23.59,28.05,332436,-27,2338,31988,673,1426,49824,-3281,15482,1188651,4078,331,7434,43473,43945,"XRF2",138257,868,75072,368,2672,24246,163,3505,239,398,72,161,1248,881,62073,576,2889,194,347,27370,49726,"XRF2",54486,6951,2381,2562,64,173,180,8357,89,605,65,32,204771,2595,"XRF2"
"293","390C","U1557","B",4,"H","1","A",550,23.65,28.11,338473,-71,2230,30829,596,1504,52608,-3924,15991,1192846,4168,331,23169,45082,46140,"XRF2",139653,889,75212,440,8334,25027,282,3695,374,403,47,226,1216,995,62399,674,2851,-31,304,28216,47835,"XRF2",54696,6915,2398,2641,37,189,162,8640,74,537,44,49,204400,3241,"XRF2"
"294","390C","U1557","B",4,"H","1","A",585,23.685,28.145,327890,-73,1985,28614,720,1741,57031,-3906,15114,1111103,3873,21,55210,44152,46050,"XRF2",136739,846,70510,337,21608,24906,305,3973,571,394,44,231,1096,1026,59412,644,3013,210,424,26194,45555,"XRF2",53981,6759,2558,2765,72,226,174,8204,58,627,63,122,203335,3773,"XRF2"
"295","390C","U1557","B",4,"H","1","A",600,23.7,28.16,343512,-2,2117,31860,612,1221,48948,-3623,16676,1219654,4264,163,21890,46413,45121,"XRF2",138288,923,77588,379,7773,25462,262,3682,323,406,59,211,1138,1049,62225,463,3082,351,523,26905,47601,"XRF2",54377,7254,2662,2710,24,136,220,8620,75,634,48,43,203381,3027,"XRF2"
"296","390C","U1557","B",4,"H","1","A",650,23.75,28.21,362616,-31,3096,40141,762,971,39139,-3537,17922,1305723,4507,48,22725,46730,45254,"XRF2",141191,875,84650,365,8618,25944,261,3695,394,431,70,192,1086,1058,63670,434,2939,189,266,27088,47684,"XRF2",55037,7882,2519,2653,63,132,139,8845,106,593,69,28,204873,3029,"XRF2"
"297","390C","U1557","B",4,"H","1","A",700,23.8,28.26,356882,-32,3023,38467,676,1167,41267,-4166,17099,1278982,4416,121,24462,46528,45043,"XRF2",141149,933,81926,392,9294,25687,294,3749,532,393,58,225,1087,970,62896,721,3362,263,348,27205,47773,"XRF2",55192,7718,2568,2781,45,207,194,8750,111,646,14,72,205893,2653,"XRF2"
"298","390C","U1557","B",4,"H","1","A",730,23.83,28.29,350195,-65,2777,36868,722,1244,41683,-3029,16832,1264168,4281,314,12104,45990,44809,"XRF2",138630,895,81186,383,4754,24950,231,3588,385,358,47,240,1066,989,62762,642,2920,133,176,26210,47417,"XRF2",54860,7513,2493,2661,19,163,261,8824,96,560,62,21,206254,2772,"XRF2"
"299","390C","U1557","B",4,"H","1","A",750,23.85,28.31,353420,-59,2607,34605,702,1396,48566,-3939,16994,1273078,4260,490,6386,46652,46039,"XRF2",142473,952,82774,320,2274,25798,230,3642,303,376,86,129,1211,1102,65529,601,3281,289,218,28198,49708,"XRF2",55434,7701,2458,2638,40,137,211,9283,86,538,43,41,204743,2724,"XRF2"
"300","390C","U1557","B",4,"H","1","A",800,23.9,28.36,366565,-66,3213,39800,676,1141,40353,-3164,18078,1316833,4195,224,23642,47395,45695,"XRF2",142995,841,84846,370,9317,25887,322,3799,724,463,92,244,1126,1126,63984,537,3206,163,550,27839,48304,"XRF2",55630,8039,2653,2793,51,165,195,8983,157,601,77,81,207047,2644,"XRF2"
"301","390C","U1557","B",4,"H","1","A",850,23.95,28.41,360012,-31,3188,39627,831,1096,39383,-3613,17347,1303398,3987,295,13353,46365,45562,"XRF2",141310,1013,84397,316,5072,25373,266,3605,603,371,60,187,1184,1067,64745,659,3090,236,309,27400,48414,"XRF2",55168,8062,2582,2601,61,151,169,9061,62,579,26,9,206248,2968,"XRF2"
"302","390C","U1557","B",4,"H","1","A",900,24,28.46,355466,-67,3079,38411,640,1076,41333,-3750,16998,1291420,4366,624,5487,45640,45149,"XRF2",140206,1014,84133,353,1989,25886,251,3446,341,410,108,171,1150,1032,64984,714,3316,232,241,26363,47116,"XRF2",55198,7870,2526,2664,97,156,187,9182,140,661,20,18,206333,2620,"XRF2"
"303","390C","U1557","B",4,"H","1","A",950,24.05,28.51,338945,1,2631,34506,480,1320,44852,-3358,16436,1223789,4098,212,5319,44993,44985,"XRF2",137468,844,80263,402,1915,24916,191,3662,329,396,93,130,1100,968,63586,741,3194,228,203,26610,46623,"XRF2",54586,7431,2384,2672,32,169,150,8943,93,631,65,50,205226,2776,"XRF2"
"304","390C","U1557","B",4,"H","1","A",1000,24.1,28.56,352932,-61,2736,35693,502,1178,44916,-3833,17078,1278788,4296,486,5104,46085,46013,"XRF2",140786,952,84165,360,1839,25553,193,3603,269,368,66,156,1123,1125,66030,623,3186,154,56,27783,47844,"XRF2",54918,8023,2490,2603,61,160,200,9139,81,672,54,16,204465,2658,"XRF2"
"305","390C","U1557","B",4,"H","1","A",1050,24.15,28.61,345104,-42,2691,35361,680,1141,45721,-3307,16984,1244413,4139,448,4869,45583,44715,"XRF2",138961,948,80227,436,1774,24993,167,3613,184,391,48,171,1142,1014,64729,715,3315,302,310,27544,47659,"XRF2",54829,7389,2553,2590,58,179,119,8888,132,725,26,40,205925,2498,"XRF2"
"306","390C","U1557","B",4,"H","1","A",1100,24.2,28.66,364122,13,3244,39894,626,850,38861,-3643,18176,1330048,4571,640,4642,46950,44902,"XRF2",141343,975,85715,388,1775,25977,179,3414,202,410,53,236,1079,1145,66145,656,3328,219,158,27904,47567,"XRF2",55596,8153,2631,2627,46,160,207,9029,93,611,63,39,206641,2671,"XRF2"
"307","390C","U1557","B",4,"H","1","A",1150,24.25,28.71,354362,-77,2923,37370,732,1044,43524,-3212,17723,1284069,4484,402,4993,46131,45017,"XRF2",141489,913,83624,382,1785,25745,300,3690,208,411,30,234,1187,1109,66238,718,3285,345,78,27162,46909,"XRF2",55591,8028,2534,2709,45,173,195,9188,122,616,39,25,207139,2740,"XRF2"
"308","390C","U1557","B",4,"H","1","A",1200,24.3,28.76,364555,-38,3077,38757,799,1286,42742,-4152,18012,1321431,4632,543,4748,47669,46135,"XRF2",143618,961,85060,446,1809,26285,259,3577,246,390,61,276,1283,1063,67612,718,3242,151,73,28338,48382,"XRF2",56010,8191,2519,2724,83,168,193,9481,140,599,56,81,207640,2479,"XRF2"
"309","390C","U1557","B",4,"H","1","A",1250,24.35,28.81,346585,-61,2965,37399,707,980,42098,-3521,17071,1254225,4284,610,4791,45446,44843,"XRF2",140092,945,80674,319,1751,24856,212,3469,149,390,31,185,1149,982,64662,502,2818,193,-4,27093,48672,"XRF2",55640,7696,2414,2621,62,146,170,9056,126,606,69,50,209475,2650,"XRF2"
"310","390C","U1557","B",4,"H","1","A",1300,24.4,28.86,360918,-45,3117,39103,735,971,41447,-3998,17894,1311291,4367,474,4857,46796,45991,"XRF2",143639,984,83916,439,1771,25965,170,3720,213,454,55,188,1263,962,66715,593,2850,61,398,27687,49928,"XRF2",55902,7991,2428,2697,73,185,176,9374,97,576,53,31,206595,2735,"XRF2"
"311","390C","U1557","B",4,"H","1","A",1350,24.45,28.91,338388,-40,2807,36773,490,943,40082,-3028,17260,1229325,4229,538,4407,43565,43976,"XRF2",137652,857,79955,418,1834,24981,224,3552,197,376,48,174,1261,1068,63171,754,2960,38,264,26924,47602,"XRF2",54389,7607,2467,2588,33,167,171,8768,116,623,25,44,204356,2936,"XRF2"
"312","390C","U1557","B",4,"H","1","A",1400,24.5,28.96,351614,-35,3038,37590,527,979,41958,-3270,17346,1277412,4183,559,4939,45415,44770,"XRF2",141544,983,83215,374,1743,25094,249,3648,201,402,82,183,1176,1080,65521,650,3242,65,132,27666,48593,"XRF2",55227,8003,2456,2645,38,151,188,9131,93,647,49,66,203977,2822,"XRF2"
"313","390C","U1557","B",4,"H","1","A",1440,24.54,29,324929,-57,2664,33200,554,916,43907,-3032,15837,1171792,4037,536,4396,41633,43247,"XRF2",136305,946,76367,417,1736,23310,195,3493,141,431,80,188,1200,1032,62274,695,3167,196,214,26398,48439,"XRF2",54241,7334,2414,2645,81,168,173,8578,115,485,49,64,204303,2266,"XRF2"
"314","390C","U1557","B",4,"H","2","A",60,24.66,29.12,340150,-55,2386,33792,659,1404,46174,-3464,16764,1226189,4216,719,5114,45730,44859,"XRF2",136321,900,79211,395,1829,25081,231,3492,177,358,74,160,1088,1084,63458,634,3453,50,143,27174,47020,"XRF2",54017,7442,2433,2692,28,179,141,8674,123,752,13,27,202513,2520,"XRF2"
"315","390C","U1557","B",4,"H","2","A",100,24.7,29.16,340463,-67,2372,32155,776,1534,51654,-3343,17142,1218929,4257,207,4829,45490,45648,"XRF2",137090,854,76259,380,1775,24864,256,3630,169,396,72,180,1133,1039,64232,698,3126,214,277,28163,47461,"XRF2",54272,7074,2511,2522,69,162,227,8838,99,585,39,30,203452,2850,"XRF2"
"316","390C","U1557","B",4,"H","2","A",150,24.75,29.21,359408,-51,2959,37111,641,901,44305,-4009,17554,1300871,4281,393,4977,47591,45848,"XRF2",140674,974,83664,423,1720,25712,221,3590,185,397,58,147,1104,1052,66137,649,3329,218,270,27363,46627,"XRF2",54840,7843,2611,2608,57,127,161,9213,121,582,12,22,204539,2949,"XRF2"
"317","390C","U1557","B",4,"H","2","A",200,24.8,29.26,365107,-31,3300,40081,724,960,39549,-3279,18506,1328457,4405,554,4657,47604,46019,"XRF2",141160,977,85406,372,1747,26308,175,3626,196,393,57,188,1088,1089,66209,603,3051,355,63,27780,46885,"XRF2",55361,8093,2641,2677,63,133,177,9225,109,521,11,22,206694,2705,"XRF2"
"318","390C","U1557","B",4,"H","2","A",250,24.85,29.31,347694,-30,2958,38220,547,1001,40180,-2865,16886,1264166,4283,776,4934,45018,44005,"XRF2",138823,906,80090,432,1639,24540,208,3532,211,404,74,183,1164,1014,63207,674,2864,169,167,26453,48593,"XRF2",54678,7674,2368,2595,31,143,203,8880,72,550,37,33,204651,2735,"XRF2"
"319","390C","U1557","B",4,"H","2","A",300,24.9,29.36,363072,-16,3039,39291,741,1321,41774,-3773,17748,1316532,4686,485,4916,46451,46329,"XRF2",143170,888,83879,365,1664,25209,279,3376,149,370,85,154,1201,1116,65574,642,3294,190,360,28115,50137,"XRF2",55636,7934,2567,2822,69,171,192,9058,76,561,57,23,205683,2646,"XRF2"
"320","390C","U1557","B",4,"H","2","A",350,24.95,29.41,350364,-6,2910,36568,601,1244,43426,-3391,16931,1269591,4134,906,4752,43829,45293,"XRF2",141624,958,80754,357,1702,23705,174,3647,144,403,93,222,1147,1092,64623,724,3298,223,123,27516,48895,"XRF2",55359,7627,2320,2638,40,133,222,8747,122,652,70,33,205866,2733,"XRF2"
"321","390C","U1557","B",4,"H","2","A",400,25,29.46,361508,-53,3081,40103,659,1017,40004,-3800,17786,1317070,4199,592,4723,46773,45196,"XRF2",141745,966,83637,446,1797,25366,220,3638,177,388,84,210,1114,1040,65166,690,3307,177,-55,27892,49213,"XRF2",55401,7832,2592,2644,61,156,150,9084,122,543,80,20,205100,2723,"XRF2"
"322","390C","U1557","B",4,"H","2","A",450,25.05,29.51,354755,-40,3027,37713,770,1275,44466,-3579,17606,1284638,4424,609,4479,45577,45521,"XRF2",141755,949,81920,396,1671,25081,167,3640,215,431,82,183,1155,1024,64810,638,2973,210,333,28452,50514,"XRF2",55497,7795,2455,2651,15,133,222,8980,64,659,49,52,205466,2732,"XRF2"
"323","390C","U1557","B",4,"H","2","A",500,25.1,29.56,360619,-86,2999,38863,783,1287,43105,-3571,18009,1309831,4173,317,4865,45967,46157,"XRF2",141450,947,83452,392,1716,24842,231,3678,223,413,91,224,1217,1099,64128,812,3186,257,153,27405,49023,"XRF2",55291,7997,2550,2674,45,133,215,9069,105,511,58,42,204435,2833,"XRF2"
"324","390C","U1557","B",4,"H","2","A",550,25.15,29.61,340147,-60,2474,35327,542,1384,43955,-3262,16447,1230836,4179,480,4710,42307,44764,"XRF2",138241,782,78735,341,1668,23255,216,3546,155,367,83,118,1237,984,61808,774,2945,54,90,27037,47914,"XRF2",54559,7519,2311,2670,60,146,206,8329,152,618,36,55,203983,2334,"XRF2"
"325","390C","U1557","B",4,"H","2","A",600,25.2,29.66,347701,-46,2594,35420,607,1348,47969,-3973,16985,1250908,4167,531,4639,43416,46602,"XRF2",142111,816,79323,392,1735,24203,145,3588,123,352,60,229,1353,1068,63580,781,3085,82,121,27612,50724,"XRF2",55611,7467,2418,2748,87,157,96,8821,124,654,81,12,205580,2545,"XRF2"
"326","390C","U1557","B",4,"H","2","A",650,25.25,29.71,357628,-53,2956,39310,558,795,41813,-3987,17661,1300229,4572,684,4878,45037,45235,"XRF2",140489,1002,83662,378,1782,24778,246,3528,178,364,64,173,1075,1075,64182,606,2948,120,117,28054,48004,"XRF2",55169,8053,2472,2732,44,144,166,8760,127,551,57,31,204523,2424,"XRF2"
"327","390C","U1557","B",4,"H","2","A",700,25.3,29.76,368852,-48,3155,39936,749,1225,42539,-3852,17758,1347166,4353,650,4723,43820,46312,"XRF2",141076,910,87045,387,1789,23942,214,3629,143,414,67,123,1165,936,62168,791,3037,255,733,27648,47555,"XRF2",55498,8138,2501,2636,43,163,158,8821,94,569,52,69,205642,2789,"XRF2"
"328","390C","U1557","B",4,"H","2","A",750,25.35,29.81,347838,-32,2822,35396,741,1468,47231,-3670,15390,1262940,4147,254,4644,39329,45529,"XRF2",138030,904,81428,362,1695,21028,188,3423,191,347,59,144,1130,992,58642,956,2880,228,500,27249,46554,"XRF2",54787,7654,2078,2587,55,143,194,8121,109,568,23,29,204952,2345,"XRF2"
"329","390C","U1557","B",4,"H","2","A",800,25.4,29.86,333330,-77,2040,29460,621,1712,56209,-3508,13924,1194458,3735,357,4330,37027,46853,"XRF2",137963,826,80163,308,1663,20512,149,3566,267,354,98,164,1299,923,57919,783,2851,246,-24,27649,49042,"XRF2",54923,7615,2030,2673,53,194,197,8093,132,471,38,16,205231,2277,"XRF2"
"330","390C","U1557","B",4,"H","2","A",850,25.45,29.91,327674,-34,1745,26706,412,2053,64194,-4375,13934,1151719,3784,420,4547,40385,47273,"XRF2",139866,756,78435,282,1759,22307,190,3731,189,315,90,158,1268,921,59289,909,2910,44,396,27893,49512,"XRF2",55614,7573,2269,2678,46,198,171,8226,134,553,42,43,208314,2601,"XRF2"
"331","390C","U1557","B",4,"H","2","A",900,25.5,29.96,309414,-66,1997,28687,640,1832,58208,-3079,11940,1098396,3709,724,4135,30968,44694,"XRF2",135173,576,74206,354,1509,16930,108,3453,150,259,34,156,1364,730,49912,939,2865,60,79,27473,50721,"XRF2",54594,7101,1683,2630,59,203,145,6964,185,504,43,60,206569,2222,"XRF2"
"332","390C","U1557","B",4,"H","2","A",950,25.55,30.01,322082,-70,1946,27881,694,1957,58192,-4153,12145,1151480,3502,426,4300,32572,46614,"XRF2",136475,724,78064,264,1575,18071,103,3569,256,355,113,139,1305,789,55003,1028,2626,79,142,27949,50058,"XRF2",54561,7304,1904,2631,19,166,169,7676,149,511,66,62,205018,1891,"XRF2"
"333","390C","U1557","B",4,"H","2","A",1000,25.6,30.06,283646,-61,1374,21892,607,2216,68442,-2861,9161,978734,2876,347,3783,28411,45389,"XRF2",132457,499,66874,202,1489,15764,151,3555,220,271,24,108,1495,711,48797,848,2115,78,273,26751,49692,"XRF2",53956,6408,1666,2586,27,227,109,6840,132,512,44,88,204239,1752,"XRF2"
"334","390C","U1557","B",4,"H","2","A",1050,25.65,30.11,327513,-39,2046,29741,649,1973,61100,-3858,13484,1160543,3947,475,4074,37575,47303,"XRF2",138569,769,80091,321,1532,20624,188,3568,160,286,58,146,1361,758,52312,1011,2332,144,100,28544,50746,"XRF2",55139,7427,2088,2690,28,166,155,7333,147,614,29,50,206631,2136,"XRF2"
"335","390C","U1557","B",4,"H","2","A",1100,25.7,30.16,295273,-38,1587,24674,583,2344,63320,-2801,11220,1035557,3260,473,3699,30119,44684,"XRF2",133240,620,70165,343,1337,16496,263,3660,273,312,57,114,1355,786,50028,1120,2368,246,357,26606,50176,"XRF2",54682,6674,1641,2628,36,195,178,7043,145,479,27,21,209958,2008,"XRF2"
"336","390C","U1557","B",4,"H","2","A",1150,25.75,30.21,248319,-51,936,16618,130,2890,84396,-3646,7468,804385,2430,722,2780,22121,46205,"XRF2",131592,399,60011,233,1216,12681,107,3432,226,347,20,121,1618,655,49418,963,1983,358,216,26743,51135,"XRF2",54703,5779,1337,2638,36,170,155,6745,179,516,35,64,209559,1747,"XRF2"
"340","390C","U1557","B",4,"H","2","A",1350,25.95,30.41,150513,52,6530,75604,306,1996,50710,-2717,51566,29277,21947,616,3409,229560,38407,"XRF2",174836,1917,1597,2254,1228,133119,1847,4234,578,1492,252,465,2441,5191,9899,1707,9266,415,48,27158,72571,"XRF2",59666,571,12792,2929,120,302,708,1374,231,1623,166,29,204409,5248,"XRF2"
"343","390C","U1557","B",4,"H","2","A",1490,26.09,30.55,161948,64,6852,76495,393,2332,58198,-4119,53611,24971,23421,1011,4329,261512,41243,"XRF2",187563,1989,1354,2198,1316,154359,2235,4293,552,1392,232,545,2718,5572,9851,1896,9663,667,-131,28869,76937,"XRF2",61735,585,14757,2908,84,333,763,1422,280,1708,133,53,206824,4359,"XRF2"
"344","390C","U1557","B",4,"H","3","A",65,26.175,30.635,162843,191,10054,104164,477,1460,35999,-2430,60741,25870,25022,947,4802,271454,37512,"XRF2",175090,2189,1388,2565,1609,156593,2107,4060,505,1430,257,512,2328,5391,9440,1945,9512,579,-33,27391,69263,"XRF2",59964,406,15033,2911,79,271,690,1340,355,1713,128,41,207377,4093,"XRF2"
"345","390C","U1557","B",4,"H","3","A",100,26.21,30.67,164153,115,10153,105869,555,1509,35264,-2399,61689,27059,25579,589,4971,273373,37519,"XRF2",174859,2287,1541,2513,1626,159139,2157,4112,501,1394,242,637,2119,5367,9804,1713,9600,607,-163,26552,67687,"XRF2",59728,467,15472,2788,80,280,787,1381,283,1634,159,-4,204935,4489,"XRF2"
"346","390C","U1557","B",4,"H","3","A",150,26.26,30.72,164900,167,10700,108510,522,1254,34560,-2691,62546,26986,26440,731,4788,273930,37233,"XRF2",174916,2321,1462,2596,1582,159292,2099,4067,527,1356,236,622,2102,5456,10119,2067,9847,960,156,26914,67835,"XRF2",59919,474,15345,2901,82,208,712,1369,333,1685,97,24,205420,4751,"XRF2"
"347","390C","U1557","B",4,"H","3","A",200,26.31,30.77,167153,92,10434,108814,524,1258,35082,-2852,62015,28097,26123,516,5962,280875,37474,"XRF2",176815,2283,1566,2425,1923,162764,2202,3966,515,1350,210,584,2026,5304,9826,1876,9398,570,176,27232,69582,"XRF2",59979,484,15699,2944,76,254,740,1433,346,1762,135,33,204613,5009,"XRF2"
