Expedition,Site,Hole,Core,Type,Section,A/W,Offset (mm),CSF-A (m),CSF-A (m),Test No.,TextID,Voltage (kV),Tube Current (mA),Live Time (s),Real Time (s),Down-Core Slit (mm),Cross-Core Slit (mm),Filter,Total Counts Per Second,Mg-Ka Area,Al-Ka Area,Si-Ka Area,P -Ka Area,S -Ka Area,Cl-Ka Area,Ar-Ka Area,K -Ka Area,Ca-Ka Area,Ti-Ka Area,Cr-Ka Area,Mn-Ka Area,Fe-Ka Area,Rh-La-Coh Area,Instrument,Scan Number,Date of Measure,Time of Measure,Uploaded By,Date Uploaded,Comment
395E,U1561,A,1,H,3,A,200.0,3.21,3.21,44834032,SHLF10902451,10,0.16,6,9,10,12,No-Filter,136394,16,4475,59525,280,2043,45913,-912,48087,12300,15835,236,7813,178644,41544,XRF2,1,2022-08-23,11:07:30,YEON,2022-09-02 18:11:38,
395E,U1561,A,1,H,3,A,250.0,3.26,3.26,44834032,SHLF10902451,10,0.16,6,9,10,12,No-Filter,170364,49,5623,70546,305,2889,67805,-3386,63234,16321,20809,610,15055,228701,49888,XRF2,1,2022-08-23,11:07:48,YEON,2022-09-02 18:11:38,
395E,U1561,A,1,H,3,A,300.0,3.3099999999999996,3.3099999999999996,44834032,SHLF10902451,10,0.16,6,9,10,12,No-Filter,169379,65,6565,76886,366,2706,62526,-2791,66259,15968,20834,737,14136,225011,49933,XRF2,1,2022-08-23,11:08:10,YEON,2022-09-02 18:11:38,
395E,U1561,A,1,H,3,A,350.0,3.36,3.36,44834032,SHLF10902451,10,0.16,6,9,10,12,No-Filter,169237,43,6077,71952,367,2753,65792,-3002,66789,16764,20956,527,16623,224577,50092,XRF2,1,2022-08-23,11:08:32,YEON,2022-09-02 18:11:38,
395E,U1561,A,1,H,3,A,400.0,3.4099999999999997,3.4099999999999997,44834032,SHLF10902451,10,0.16,6,9,10,12,No-Filter,162798,70,4793,61797,216,2741,68782,-3160,60416,16011,19380,323,14137,213931,51182,XRF2,1,2022-08-23,11:08:52,YEON,2022-09-02 18:11:38,
395E,U1561,A,1,H,3,A,450.0,3.46,3.46,44834032,SHLF10902451,10,0.16,6,9,10,12,No-Filter,156933,89,5751,69706,471,2359,52967,-2030,63400,16304,19960,524,15188,208118,46410,XRF2,1,2022-08-23,11:09:12,YEON,2022-09-02 18:11:38,
395E,U1561,A,1,H,3,A,500.0,3.51,3.51,44834032,SHLF10902451,10,0.16,6,9,10,12,No-Filter,159772,4,4268,58104,333,2845,68422,-2197,59117,15448,19303,307,15279,210655,49859,XRF2,1,2022-08-23,11:09:30,YEON,2022-09-02 18:11:38,
395E,U1561,A,1,H,3,A,550.0,3.5599999999999996,3.5599999999999996,44834032,SHLF10902451,10,0.16,6,9,10,12,No-Filter,160452,80,5868,71938,435,2259,53595,-2162,64754,16275,20426,606,14327,216680,46303,XRF2,1,2022-08-23,11:09:52,YEON,2022-09-02 18:11:38,
395E,U1561,A,1,H,3,A,600.0,3.61,3.61,44834032,SHLF10902451,10,0.16,6,9,10,12,No-Filter,167624,108,4996,65919,376,2822,68450,-3299,65680,17103,21305,577,15354,220312,50655,XRF2,1,2022-08-23,11:10:14,YEON,2022-09-02 18:11:38,
395E,U1561,A,1,H,3,A,650.0,3.6599999999999997,3.6599999999999997,44834032,SHLF10902451,10,0.16,6,9,10,12,No-Filter,166209,101,5350,67168,456,2895,69028,-3625,61853,17049,20016,499,14473,214286,51253,XRF2,1,2022-08-23,11:10:34,YEON,2022-09-02 18:11:38,
395E,U1561,A,1,H,3,A,700.0,3.71,3.71,44834032,SHLF10902451,10,0.16,6,9,10,12,No-Filter,162799,40,5210,66904,368,2621,65878,-2921,60802,16543,19074,482,14951,208847,50070,XRF2,1,2022-08-23,11:10:55,YEON,2022-09-02 18:11:38,
395E,U1561,A,1,H,3,A,750.0,3.76,3.76,44834032,SHLF10902451,10,0.16,6,9,10,12,No-Filter,154765,42,5724,71293,345,2055,52709,-2840,58123,15331,18313,642,13158,199202,45292,XRF2,1,2022-08-23,11:11:15,YEON,2022-09-02 18:11:38,
395E,U1561,A,1,H,3,A,800.0,3.8099999999999996,3.8099999999999996,44834032,SHLF10902451,10,0.16,6,9,10,12,No-Filter,150280,70,6222,73383,357,2093,50984,-1374,57817,14648,17826,299,9497,188120,45393,XRF2,1,2022-08-23,11:11:33,YEON,2022-09-02 18:11:38,
395E,U1561,A,1,H,3,A,850.0,3.86,3.86,44834032,SHLF10902451,10,0.16,6,9,10,12,No-Filter,140361,56,4686,59795,280,1965,48730,-1554,50494,13186,16129,472,9763,178819,43794,XRF2,1,2022-08-23,11:11:51,YEON,2022-09-02 18:11:38,
395E,U1561,A,1,H,3,A,900.0,3.9099999999999997,3.9099999999999997,44834032,SHLF10902451,10,0.16,6,9,10,12,No-Filter,143631,47,4906,62523,239,1960,47346,-1355,52473,12962,17365,255,13192,186568,43901,XRF2,1,2022-08-23,11:12:11,YEON,2022-09-02 18:11:38,
395E,U1561,A,1,H,3,A,950.0,3.96,3.96,44834032,SHLF10902451,10,0.16,6,9,10,12,No-Filter,137263,46,4903,63804,331,1780,40137,1389,50832,13446,16924,336,10425,176511,43688,XRF2,1,2022-08-23,11:12:29,YEON,2022-09-02 18:11:38,
395E,U1561,A,1,H,3,A,1000.0,4.01,4.01,44834032,SHLF10902451,10,0.16,6,9,10,12,No-Filter,153758,54,5446,68413,243,2116,53634,-1448,60434,15258,18888,478,11073,202527,46313,XRF2,1,2022-08-23,11:12:47,YEON,2022-09-02 18:11:38,
395E,U1561,A,1,H,3,A,1050.0,4.06,4.06,44834032,SHLF10902451,10,0.16,6,9,10,12,No-Filter,164376,39,6088,74450,469,2576,56832,-2170,68640,17551,21295,678,12644,221394,47865,XRF2,1,2022-08-23,11:13:05,YEON,2022-09-02 18:11:38,
395E,U1561,A,1,H,3,A,1100.0,4.109999999999999,4.109999999999999,44834032,SHLF10902451,10,0.16,6,9,10,12,No-Filter,170979,94,6201,77507,472,2640,60320,-2901,72147,18383,22290,705,13409,230741,50091,XRF2,1,2022-08-23,11:13:27,YEON,2022-09-02 18:11:38,
395E,U1561,A,1,H,3,A,1150.0,4.16,4.16,44834032,SHLF10902451,10,0.16,6,9,10,12,No-Filter,168978,107,6939,81451,402,2454,54982,-2532,73672,18613,21900,638,16074,225094,48837,XRF2,1,2022-08-23,11:13:47,YEON,2022-09-02 18:11:38,
395E,U1561,A,1,H,3,A,1200.0,4.21,4.21,44834032,SHLF10902451,10,0.16,6,9,10,12,No-Filter,161095,85,5600,68650,374,2380,58451,-2338,66055,16533,20732,494,12127,215964,48103,XRF2,1,2022-08-23,11:14:07,YEON,2022-09-02 18:11:38,
395E,U1561,A,1,H,3,A,1250.0,4.26,4.26,44834032,SHLF10902451,10,0.16,6,9,10,12,No-Filter,162564,83,5015,65801,277,2624,62738,-2305,66161,17457,20504,516,12790,216999,49382,XRF2,1,2022-08-23,11:14:28,YEON,2022-09-02 18:11:38,
395E,U1561,A,1,H,3,A,1300.0,4.31,4.31,44834032,SHLF10902451,10,0.16,6,9,10,12,No-Filter,167660,80,5706,70052,558,2836,62487,-2484,69198,20145,21361,885,16039,223838,49461,XRF2,1,2022-08-23,11:14:48,YEON,2022-09-02 18:11:38,
395E,U1561,A,1,H,3,A,1350.0,4.359999999999999,4.359999999999999,44834032,SHLF10902451,10,0.16,6,9,10,12,No-Filter,172077,93,7834,89545,521,2239,50089,-2688,76587,20327,23103,767,15690,234787,48205,XRF2,1,2022-08-23,11:15:08,YEON,2022-09-02 18:11:38,
395E,U1561,A,1,H,3,A,1400.0,4.41,4.41,44834032,SHLF10902451,10,0.16,6,9,10,12,No-Filter,169971,159,7969,89810,688,2179,49356,-2466,76173,19746,23029,838,16659,229906,46307,XRF2,1,2022-08-23,11:15:30,YEON,2022-09-02 18:11:38,
395E,U1561,A,1,H,3,A,1440.0,4.449999999999999,4.449999999999999,44834032,SHLF10902451,10,0.16,6,9,10,12,No-Filter,171481,51,7722,89693,490,2280,49689,-2169,76530,19238,23145,568,15080,234319,47391,XRF2,1,2022-08-23,11:15:50,YEON,2022-09-02 18:11:38,
395E,U1561,A,1,H,4,A,50.0,4.56,4.56,44834042,SHLF10902481,10,0.16,6,9,10,12,No-Filter,178159,148,9898,105044,728,2149,46178,-2547,83945,20254,23800,931,15188,242745,47624,XRF2,1,2022-08-23,11:43:41,YEON,2022-09-02 18:11:42,
395E,U1561,A,1,H,4,A,100.0,4.609999999999999,4.609999999999999,44834042,SHLF10902481,10,0.16,6,9,10,12,No-Filter,175749,199,9320,99809,542,2076,47569,-2875,82643,18487,23124,552,15622,239051,47948,XRF2,1,2022-08-23,11:44:01,YEON,2022-09-02 18:11:42,
395E,U1561,A,1,H,4,A,150.0,4.66,4.66,44834042,SHLF10902481,10,0.16,6,9,10,12,No-Filter,170493,187,9329,98858,665,2000,43704,-2628,79388,16984,22751,728,13600,231524,47697,XRF2,1,2022-08-23,11:44:23,YEON,2022-09-02 18:11:42,
395E,U1561,A,1,H,4,A,200.0,4.71,4.71,44834042,SHLF10902481,10,0.16,6,9,10,12,No-Filter,172475,200,9302,99468,646,2034,44810,-2457,80046,17800,22846,424,16846,230550,47989,XRF2,1,2022-08-23,11:44:43,YEON,2022-09-02 18:11:42,
395E,U1561,A,1,H,4,A,250.0,4.76,4.76,44834042,SHLF10902481,10,0.16,6,10,10,12,No-Filter,181428,113,11213,113747,608,1925,43187,-3204,89485,18378,24699,565,13768,248128,48081,XRF2,1,2022-08-23,11:45:03,YEON,2022-09-02 18:11:42,
395E,U1561,A,1,H,4,A,300.0,4.81,4.81,44834042,SHLF10902481,10,0.16,6,10,10,12,No-Filter,183003,237,10826,114145,607,2327,46775,-3236,87981,17986,25177,554,12501,247593,48886,XRF2,1,2022-08-23,11:45:24,YEON,2022-09-02 18:11:42,
395E,U1561,A,1,H,4,A,350.0,4.859999999999999,4.859999999999999,44834042,SHLF10902481,10,0.16,6,9,10,12,No-Filter,168518,178,8998,98014,498,1838,44281,-1702,78780,15942,22807,843,14681,225642,45101,XRF2,1,2022-08-23,11:45:44,YEON,2022-09-02 18:11:42,
395E,U1561,A,1,H,4,A,400.0,4.91,4.91,44834042,SHLF10902481,10,0.16,6,9,10,12,No-Filter,161014,130,8193,90580,382,1855,42379,-604,74318,15378,21494,759,13487,214466,44443,XRF2,1,2022-08-23,11:46:04,YEON,2022-09-02 18:11:42,
395E,U1561,A,1,H,4,A,450.0,4.96,4.96,44834042,SHLF10902481,10,0.16,6,9,10,12,No-Filter,167545,114,8863,96029,487,2030,43860,-1737,78972,16061,22215,752,13042,225874,46590,XRF2,1,2022-08-23,11:46:25,YEON,2022-09-02 18:11:42,
395E,U1561,A,1,H,4,A,500.0,5.01,5.01,44834042,SHLF10902481,10,0.16,6,9,10,12,No-Filter,174555,199,10474,107256,652,1663,41513,-2617,85083,17770,23278,667,13911,235491,47659,XRF2,1,2022-08-23,11:46:45,YEON,2022-09-02 18:11:42,
395E,U1561,A,1,H,4,A,550.0,5.06,5.06,44834042,SHLF10902481,10,0.16,6,9,10,12,No-Filter,179671,143,10880,112404,688,1927,42565,-2934,88105,18478,23707,985,15925,242665,48665,XRF2,1,2022-08-23,11:47:05,YEON,2022-09-02 18:11:42,
395E,U1561,A,1,H,4,A,600.0,5.109999999999999,5.109999999999999,44834042,SHLF10902481,10,0.16,6,9,10,12,No-Filter,178559,155,10891,111188,594,1913,42126,-2817,86943,17850,24031,680,16379,245438,47201,XRF2,1,2022-08-23,11:47:26,YEON,2022-09-02 18:11:42,
395E,U1561,A,1,H,4,A,650.0,5.16,5.16,44834042,SHLF10902481,10,0.16,6,10,10,12,No-Filter,180432,165,10876,112243,574,1946,42215,-3029,90362,18413,24550,462,15389,247954,47234,XRF2,1,2022-08-23,11:47:46,YEON,2022-09-02 18:11:42,
395E,U1561,A,1,H,4,A,700.0,5.21,5.21,44834042,SHLF10902481,10,0.16,6,10,10,12,No-Filter,182275,185,11204,114226,693,1761,40743,-3373,90825,20030,25252,780,17499,252416,47786,XRF2,1,2022-08-23,11:48:06,YEON,2022-09-02 18:11:42,
395E,U1561,A,1,H,4,A,750.0,5.26,5.26,44834042,SHLF10902481,10,0.16,6,10,10,12,No-Filter,183999,165,11570,117291,804,1904,41291,-3606,91333,21233,24886,916,17099,252454,48426,XRF2,1,2022-08-23,11:48:26,YEON,2022-09-02 18:11:42,
395E,U1561,A,1,H,4,A,800.0,5.31,5.31,44834042,SHLF10902481,10,0.16,6,10,10,12,No-Filter,180997,175,11514,114743,665,1906,40448,-3331,89707,19221,24750,718,16590,248567,46963,XRF2,1,2022-08-23,11:48:47,YEON,2022-09-02 18:11:42,
395E,U1561,A,1,H,4,A,850.0,5.359999999999999,5.359999999999999,44834042,SHLF10902481,10,0.16,6,10,10,12,No-Filter,181202,267,11435,115773,797,1928,40306,-2752,90562,19160,24662,676,16898,248370,47102,XRF2,1,2022-08-23,11:49:08,YEON,2022-09-02 18:11:42,
395E,U1561,A,1,H,4,A,900.0,5.41,5.41,44834042,SHLF10902481,10,0.16,6,10,10,12,No-Filter,186470,107,12016,119671,697,2089,42325,-3468,94456,19805,25706,591,17756,254071,48294,XRF2,1,2022-08-23,11:49:28,YEON,2022-09-02 18:11:42,
395E,U1561,A,1,H,4,A,950.0,5.46,5.46,44834042,SHLF10902481,10,0.16,6,10,10,12,No-Filter,185257,227,11989,118745,768,2033,41667,-3138,91476,20804,25285,739,17632,254466,47814,XRF2,1,2022-08-23,11:49:49,YEON,2022-09-02 18:11:42,
395E,U1561,A,1,H,4,A,1000.0,5.51,5.51,44834042,SHLF10902481,10,0.16,6,10,10,12,No-Filter,182967,213,11443,115717,584,1909,43624,-3165,88893,18644,24899,1081,17502,246851,48402,XRF2,1,2022-08-23,11:50:10,YEON,2022-09-02 18:11:42,
395E,U1561,A,1,H,4,A,1050.0,5.56,5.56,44834042,SHLF10902481,10,0.16,6,10,10,12,No-Filter,180602,119,11242,112711,688,2037,43990,-3438,87582,18757,24228,775,16934,243363,48194,XRF2,1,2022-08-23,11:50:30,YEON,2022-09-02 18:11:42,
395E,U1561,A,1,H,4,A,1100.0,5.609999999999999,5.609999999999999,44834042,SHLF10902481,10,0.16,6,9,10,12,No-Filter,178285,146,10457,109700,631,2045,44906,-3374,85748,19442,23271,662,15924,237439,48191,XRF2,1,2022-08-23,11:50:51,YEON,2022-09-02 18:11:42,
395E,U1561,A,1,H,4,A,1150.0,5.66,5.66,44834042,SHLF10902481,10,0.16,6,9,10,12,No-Filter,178374,170,11130,113859,722,2005,41909,-2973,87736,19576,23295,939,16530,237895,47543,XRF2,1,2022-08-23,11:51:11,YEON,2022-09-02 18:11:42,
395E,U1561,A,1,H,4,A,1200.0,5.71,5.71,44834042,SHLF10902481,10,0.16,6,9,10,12,No-Filter,176500,187,11159,111461,603,1900,41178,-2613,87212,19049,23383,724,15093,236225,47269,XRF2,1,2022-08-23,11:51:31,YEON,2022-09-02 18:11:42,
395E,U1561,A,1,H,4,A,1250.0,5.76,5.76,44834042,SHLF10902481,10,0.16,6,9,10,12,No-Filter,175079,189,10491,108293,715,1792,41901,-2601,85691,18720,23386,536,15707,234933,47294,XRF2,1,2022-08-23,11:51:52,YEON,2022-09-02 18:11:42,
395E,U1561,A,1,H,4,A,1300.0,5.81,5.81,44834042,SHLF10902481,10,0.16,6,9,10,12,No-Filter,179373,179,10801,112470,843,2001,41862,-3010,87914,21037,24526,776,16125,243237,48546,XRF2,1,2022-08-23,11:52:12,YEON,2022-09-02 18:11:42,
395E,U1561,A,1,H,4,A,1356.0,5.866,5.866,44834042,SHLF10902481,10,0.16,6,9,10,12,No-Filter,178917,214,11116,113899,702,1889,41652,-2910,88226,20056,23966,609,17200,239880,47055,XRF2,1,2022-08-23,11:52:32,YEON,2022-09-02 18:11:42,
395E,U1561,A,1,H,4,A,1400.0,5.91,5.91,44834042,SHLF10902481,10,0.16,6,9,10,12,No-Filter,174465,201,10612,111257,824,1772,39162,-2681,85143,19312,23295,1069,16090,234706,46226,XRF2,1,2022-08-23,11:52:52,YEON,2022-09-02 18:11:42,
395E,U1561,A,1,H,4,A,1439.0,5.949,5.949,44834042,SHLF10902481,10,0.16,6,10,10,12,No-Filter,186256,190,10928,114623,572,2045,47105,-4259,90419,20760,24504,477,17146,250748,48799,XRF2,1,2022-08-23,11:53:13,YEON,2022-09-02 18:11:42,
395E,U1561,A,1,H,5,A,50.0,6.01,6.01,44834052,SHLF10902511,10,0.16,6,9,10,12,No-Filter,177483,195,10094,106578,731,2129,45341,-2796,82433,19022,23712,628,16277,237311,47746,XRF2,1,2022-08-23,12:23:05,YEON,2022-09-02 18:11:43,
395E,U1561,A,1,H,5,A,100.0,6.06,6.06,44834052,SHLF10902511,10,0.16,6,9,10,12,No-Filter,173900,106,9693,103585,613,1992,45169,-3247,81563,17380,22836,627,15456,230012,48609,XRF2,1,2022-08-23,12:23:27,YEON,2022-09-02 18:11:43,
395E,U1561,A,1,H,5,A,150.0,6.11,6.11,44834052,SHLF10902511,10,0.16,6,9,10,12,No-Filter,174608,163,10439,107265,790,1967,41508,-2526,82707,18278,23478,416,16166,233092,46937,XRF2,1,2022-08-23,12:23:47,YEON,2022-09-02 18:11:43,
395E,U1561,A,1,H,5,A,200.0,6.16,6.16,44834052,SHLF10902511,10,0.16,6,9,10,12,No-Filter,173800,203,10372,106363,640,1758,41728,-2700,81466,18662,22740,741,16821,231461,47339,XRF2,1,2022-08-23,12:24:08,YEON,2022-09-02 18:11:43,
395E,U1561,A,1,H,5,A,250.0,6.21,6.21,44834052,SHLF10902511,10,0.16,6,9,10,12,No-Filter,172270,200,9983,104568,594,1765,42671,-2852,80250,17132,22483,790,15047,229287,46624,XRF2,1,2022-08-23,12:24:30,YEON,2022-09-02 18:11:43,
395E,U1561,A,1,H,5,A,300.0,6.26,6.26,44834052,SHLF10902511,10,0.16,6,9,10,12,No-Filter,169468,164,9366,99077,506,1691,42419,-2670,75715,16973,21907,520,16039,226694,46011,XRF2,1,2022-08-23,12:24:50,YEON,2022-09-02 18:11:43,
395E,U1561,A,1,H,5,A,350.0,6.31,6.31,44834052,SHLF10902511,10,0.16,6,9,10,12,No-Filter,169812,199,9304,98332,531,2041,47315,-2892,74187,17449,21951,463,12908,222043,47319,XRF2,1,2022-08-23,12:25:12,YEON,2022-09-02 18:11:43,
395E,U1561,A,1,H,5,A,400.0,6.36,6.36,44834052,SHLF10902511,10,0.16,6,9,10,12,No-Filter,165292,200,8784,94011,538,1717,43071,-2476,72053,16486,21890,382,12466,223574,44758,XRF2,1,2022-08-23,12:25:32,YEON,2022-09-02 18:11:43,
395E,U1561,A,1,H,5,A,450.0,6.41,6.41,44834052,SHLF10902511,10,0.16,6,9,10,12,No-Filter,174525,201,9757,102160,664,2140,44340,-2747,78282,17778,23047,734,13773,236424,45970,XRF2,1,2022-08-23,12:25:53,YEON,2022-09-02 18:11:43,
395E,U1561,A,2,H,1,A,900.0,7.6000000000000005,7.6000000000000005,44834062,SHLF10902701,10,0.16,6,9,10,12,No-Filter,171295,88,7608,86176,325,2576,58847,-3312,67089,14920,22840,807,11963,226836,49453,XRF2,1,2022-08-23,12:41:40,YEON,2022-09-02 18:11:45,
395E,U1561,A,2,H,1,A,950.0,7.65,7.65,44834062,SHLF10902701,10,0.16,6,9,10,12,No-Filter,164132,68,5835,70956,363,2867,61760,-2175,63988,15100,21086,420,12551,217631,50081,XRF2,1,2022-08-23,12:42:00,YEON,2022-09-02 18:11:45,
395E,U1561,A,2,H,1,A,1000.0,7.7,7.7,44834062,SHLF10902701,10,0.16,6,9,10,12,No-Filter,162837,39,5970,72406,303,2566,60391,-2639,63727,15240,20991,835,12921,213944,49683,XRF2,1,2022-08-23,12:42:21,YEON,2022-09-02 18:11:45,
395E,U1561,A,2,H,1,A,1050.0,7.75,7.75,44834062,SHLF10902701,10,0.16,6,9,10,12,No-Filter,161072,89,5645,70316,217,2461,58671,-2197,64102,15682,21006,419,11469,211989,49667,XRF2,1,2022-08-23,12:42:41,YEON,2022-09-02 18:11:45,
395E,U1561,A,2,H,1,A,1100.0,7.800000000000001,7.800000000000001,44834062,SHLF10902701,10,0.16,6,9,10,12,No-Filter,164213,103,6946,80149,548,2346,53101,-2033,69519,16726,21558,763,14270,217434,48586,XRF2,1,2022-08-23,12:43:02,YEON,2022-09-02 18:11:45,
395E,U1561,A,2,H,1,A,1150.0,7.85,7.85,44834062,SHLF10902701,10,0.16,6,9,10,12,No-Filter,159819,116,6844,78668,392,2108,50187,-1243,68353,16020,20745,888,13669,211494,46749,XRF2,1,2022-08-23,12:43:22,YEON,2022-09-02 18:11:45,
395E,U1561,A,2,H,1,A,1200.0,7.9,7.9,44834062,SHLF10902701,10,0.16,6,9,10,12,No-Filter,156499,56,5738,72878,319,1962,48599,-491,68123,15781,20791,665,13044,210508,46556,XRF2,1,2022-08-23,12:43:42,YEON,2022-09-02 18:11:45,
395E,U1561,A,2,H,1,A,1250.0,7.95,7.95,44834062,SHLF10902701,10,0.16,6,9,10,12,No-Filter,153317,87,6863,79092,357,1858,40946,792,69960,15058,20815,644,13645,206562,44243,XRF2,1,2022-08-23,12:44:01,YEON,2022-09-02 18:11:45,
395E,U1561,A,2,H,1,A,1300.0,8.0,8.0,44834062,SHLF10902701,10,0.16,6,9,10,12,No-Filter,144397,66,5419,65988,317,1901,42673,1546,62146,14290,18784,714,13397,189679,44258,XRF2,1,2022-08-23,12:44:21,YEON,2022-09-02 18:11:45,
395E,U1561,A,2,H,1,A,1350.0,8.05,8.05,44834062,SHLF10902701,10,0.16,6,9,10,12,No-Filter,140375,-34,3884,54865,241,1891,48011,1587,55785,12851,17796,763,12503,184334,45497,XRF2,1,2022-08-23,12:44:39,YEON,2022-09-02 18:11:45,
395E,U1561,A,2,H,1,A,1400.0,8.1,8.1,44834062,SHLF10902701,10,0.16,6,9,10,12,No-Filter,139183,34,3838,55013,276,1908,47849,1533,54118,13949,17679,381,12452,180031,44693,XRF2,1,2022-08-23,12:44:57,YEON,2022-09-02 18:11:45,
395E,U1561,A,2,H,1,A,1450.0,8.15,8.15,44834062,SHLF10902701,10,0.16,6,9,10,12,No-Filter,148864,2,5394,68739,324,1987,46879,191,59820,16413,18925,799,13905,193083,45688,XRF2,1,2022-08-23,12:45:15,YEON,2022-09-02 18:11:45,
395E,U1561,A,2,H,1,A,1490.0,8.19,8.19,44834062,SHLF10902701,10,0.16,6,9,10,12,No-Filter,150691,101,6159,74559,309,1778,46354,69,60357,16109,19253,300,11427,192859,45517,XRF2,1,2022-08-23,12:45:33,YEON,2022-09-02 18:11:45,
395E,U1561,A,2,H,2,A,50.0,8.25,8.25,44834072,SHLF10902731,10,0.16,6,9,10,12,No-Filter,169523,157,8241,93298,701,2372,50278,-2468,70993,19644,22400,844,16465,219661,46851,XRF2,1,2022-08-23,13:03:08,YEON,2022-09-02 18:11:46,
395E,U1561,A,2,H,2,A,100.0,8.299999999999999,8.299999999999999,44834072,SHLF10902731,10,0.16,6,9,10,12,No-Filter,162198,150,6737,81115,447,2280,50885,-1617,66438,16524,20932,207,15024,213881,46231,XRF2,1,2022-08-23,13:03:29,YEON,2022-09-02 18:11:46,
395E,U1561,A,2,H,2,A,150.0,8.35,8.35,44834072,SHLF10902731,10,0.16,6,9,10,12,No-Filter,164723,89,7786,89759,567,2127,48752,-2149,67842,16900,21444,653,14516,215554,46138,XRF2,1,2022-08-23,13:03:49,YEON,2022-09-02 18:11:46,
395E,U1561,A,2,H,2,A,200.0,8.399999999999999,8.399999999999999,44834072,SHLF10902731,10,0.16,6,9,10,12,No-Filter,163129,109,7844,89326,503,2180,47729,-1735,66058,16575,20588,283,14275,212378,46489,XRF2,1,2022-08-23,13:04:09,YEON,2022-09-02 18:11:46,
395E,U1561,A,2,H,2,A,250.0,8.45,8.45,44834072,SHLF10902731,10,0.16,6,9,10,12,No-Filter,161141,104,7638,85634,401,2192,46715,-1382,64789,14855,20641,513,14875,213024,45125,XRF2,1,2022-08-23,13:04:30,YEON,2022-09-02 18:11:46,
395E,U1561,A,2,H,2,A,300.0,8.5,8.5,44834072,SHLF10902731,10,0.16,6,9,10,12,No-Filter,164831,128,7775,88188,491,2388,48079,-2110,68117,16047,21657,770,14562,218959,45935,XRF2,1,2022-08-23,13:04:50,YEON,2022-09-02 18:11:46,
395E,U1561,A,2,H,2,A,350.0,8.549999999999999,8.549999999999999,44834072,SHLF10902731,10,0.16,6,9,10,12,No-Filter,164846,152,7797,88287,517,2245,48267,-2166,67995,15767,21670,737,13534,219384,46049,XRF2,1,2022-08-23,13:05:11,YEON,2022-09-02 18:11:46,
395E,U1561,A,2,H,2,A,400.0,8.6,8.6,44834072,SHLF10902731,10,0.16,6,9,10,12,No-Filter,165847,105,7254,84640,461,2342,51304,-2499,68066,16058,22285,842,14340,220958,47308,XRF2,1,2022-08-23,13:05:31,YEON,2022-09-02 18:11:46,
395E,U1561,A,2,H,2,A,450.0,8.649999999999999,8.649999999999999,44834072,SHLF10902731,10,0.16,6,9,10,12,No-Filter,169532,191,7735,87238,549,2359,51966,-2459,71111,17323,22024,753,14408,228112,47699,XRF2,1,2022-08-23,13:05:53,YEON,2022-09-02 18:11:46,
395E,U1561,A,2,H,2,A,500.0,8.7,8.7,44834072,SHLF10902731,10,0.16,6,9,10,12,No-Filter,173515,188,8576,95450,652,2267,50467,-2724,74458,18388,22544,546,15055,231210,48292,XRF2,1,2022-08-23,13:06:14,YEON,2022-09-02 18:11:46,
395E,U1561,A,2,H,2,A,550.0,8.75,8.75,44834072,SHLF10902731,10,0.16,6,9,10,12,No-Filter,176252,179,8758,97105,508,2219,49584,-3058,77684,17601,23810,942,16052,239766,48359,XRF2,1,2022-08-23,13:06:34,YEON,2022-09-02 18:11:46,
395E,U1561,A,2,H,2,A,600.0,8.799999999999999,8.799999999999999,44834072,SHLF10902731,10,0.16,6,9,10,12,No-Filter,179481,209,8705,96232,545,2528,52280,-3644,78568,18085,24020,619,16026,244508,49429,XRF2,1,2022-08-23,13:06:55,YEON,2022-09-02 18:11:46,
395E,U1561,A,2,H,2,A,650.0,8.85,8.85,44834072,SHLF10902731,10,0.16,6,9,10,12,No-Filter,175778,190,8851,95903,484,2259,50892,-2976,75511,18475,23632,235,15522,237133,48630,XRF2,1,2022-08-23,13:07:15,YEON,2022-09-02 18:11:46,
395E,U1561,A,2,H,2,A,700.0,8.899999999999999,8.899999999999999,44834072,SHLF10902731,10,0.16,6,9,10,12,No-Filter,174100,55,8072,93033,590,2389,52789,-3148,72984,18324,23315,621,17179,230342,48439,XRF2,1,2022-08-23,13:07:36,YEON,2022-09-02 18:11:46,
395E,U1561,A,2,H,2,A,750.0,8.95,8.95,44834072,SHLF10902731,10,0.16,6,9,10,12,No-Filter,172715,121,8023,90942,451,2358,52737,-3050,72814,18194,22662,511,17899,228295,48118,XRF2,1,2022-08-23,13:07:56,YEON,2022-09-02 18:11:46,
395E,U1561,A,2,H,2,A,800.0,9.0,9.0,44834072,SHLF10902731,10,0.16,6,9,10,12,No-Filter,172709,198,8000,90494,489,2411,53086,-3325,72828,16987,22551,877,16533,227949,48846,XRF2,1,2022-08-23,13:08:16,YEON,2022-09-02 18:11:46,
395E,U1561,A,2,H,2,A,850.0,9.049999999999999,9.049999999999999,44834072,SHLF10902731,10,0.16,6,9,10,12,No-Filter,173065,184,8354,93209,513,2326,52486,-2835,75199,17027,22610,797,16858,228640,48831,XRF2,1,2022-08-23,13:08:37,YEON,2022-09-02 18:11:46,
395E,U1561,A,2,H,2,A,900.0,9.1,9.1,44834072,SHLF10902731,10,0.16,6,9,10,12,No-Filter,175436,143,8873,97380,457,2164,50528,-3014,76863,16910,23242,923,16458,235623,48117,XRF2,1,2022-08-23,13:08:57,YEON,2022-09-02 18:11:46,
395E,U1561,A,2,H,2,A,950.0,9.149999999999999,9.149999999999999,44834072,SHLF10902731,10,0.16,6,9,10,12,No-Filter,175224,126,8660,94436,589,2138,51056,-3152,77025,18784,22832,404,17344,235055,48010,XRF2,1,2022-08-23,13:09:18,YEON,2022-09-02 18:11:46,
395E,U1561,A,2,H,2,A,1000.0,9.2,9.2,44834072,SHLF10902731,10,0.16,6,9,10,12,No-Filter,177745,162,9893,103501,634,2304,47566,-2935,81250,17923,23849,460,16900,238420,47653,XRF2,1,2022-08-23,13:09:38,YEON,2022-09-02 18:11:46,
395E,U1561,A,2,H,2,A,1050.0,9.25,9.25,44834072,SHLF10902731,10,0.16,6,9,10,12,No-Filter,176623,243,9795,103022,465,2091,46126,-3330,80422,18014,23492,899,18934,236814,48141,XRF2,1,2022-08-23,13:09:59,YEON,2022-09-02 18:11:46,
395E,U1561,A,2,H,2,A,1100.0,9.299999999999999,9.299999999999999,44834072,SHLF10902731,10,0.16,6,9,10,12,No-Filter,175260,103,9002,97902,563,2007,48420,-2915,79121,18563,23816,527,16925,237808,47008,XRF2,1,2022-08-23,13:10:19,YEON,2022-09-02 18:11:46,
395E,U1561,A,2,H,2,A,1150.0,9.35,9.35,44834072,SHLF10902731,10,0.16,6,9,10,12,No-Filter,176029,137,9310,99320,641,2347,47835,-2724,80764,18575,23586,833,18970,238963,47367,XRF2,1,2022-08-23,13:10:40,YEON,2022-09-02 18:11:46,
395E,U1561,A,2,H,2,A,1200.0,9.399999999999999,9.399999999999999,44834072,SHLF10902731,10,0.16,6,9,10,12,No-Filter,174845,162,9476,101987,611,2021,45698,-2970,80339,18707,23388,406,17688,235533,47561,XRF2,1,2022-08-23,13:11:00,YEON,2022-09-02 18:11:46,
395E,U1561,A,2,H,2,A,1250.0,9.45,9.45,44834072,SHLF10902731,10,0.16,6,9,10,12,No-Filter,171716,146,8514,93380,635,2275,48152,-2846,76041,18604,22893,310,17060,230824,47717,XRF2,1,2022-08-23,13:11:20,YEON,2022-09-02 18:11:46,
395E,U1561,A,2,H,2,A,1300.0,9.5,9.5,44834072,SHLF10902731,10,0.16,6,9,10,12,No-Filter,166501,126,8434,92584,449,1996,44706,-1849,75507,17016,22300,825,17401,223405,45986,XRF2,1,2022-08-23,13:11:41,YEON,2022-09-02 18:11:46,
395E,U1561,A,2,H,2,A,1350.0,9.549999999999999,9.549999999999999,44834072,SHLF10902731,10,0.16,6,9,10,12,No-Filter,171134,213,9262,97835,453,1983,44569,-2352,78552,16703,22765,925,18200,230139,46932,XRF2,1,2022-08-23,13:12:01,YEON,2022-09-02 18:11:46,
395E,U1561,A,2,H,2,A,1400.0,9.6,9.6,44834072,SHLF10902731,10,0.16,6,9,10,12,No-Filter,173379,202,9310,100307,564,2168,45077,-2621,78917,18488,22882,499,16867,235094,46806,XRF2,1,2022-08-23,13:12:22,YEON,2022-09-02 18:11:46,
395E,U1561,A,2,H,2,A,1450.0,9.649999999999999,9.649999999999999,44834072,SHLF10902731,10,0.16,6,9,10,12,No-Filter,169879,183,9280,99896,428,1888,43267,-2230,79791,17186,23368,754,4609,236435,45963,XRF2,1,2022-08-23,13:12:42,YEON,2022-09-02 18:11:46,
395E,U1561,A,2,H,3,A,50.0,9.75,9.75,44834082,SHLF10902761,10,0.16,6,10,10,12,No-Filter,183142,223,11291,112882,579,1949,42797,-3363,86609,18667,24856,494,20507,250480,47897,XRF2,1,2022-08-23,13:40:52,YEON,2022-09-02 18:11:48,
395E,U1561,A,2,H,3,A,100.0,9.799999999999999,9.799999999999999,44834082,SHLF10902761,10,0.16,6,10,10,12,No-Filter,180348,190,10134,105277,491,2118,46219,-3017,83207,18505,24552,459,20974,246452,48095,XRF2,1,2022-08-23,13:41:13,YEON,2022-09-02 18:11:48,
395E,U1561,A,2,H,3,A,150.0,9.85,9.85,44834082,SHLF10902761,10,0.16,6,10,10,12,No-Filter,185119,228,11661,116607,568,1958,41491,-3427,89093,18164,25269,917,23256,253998,48528,XRF2,1,2022-08-23,13:41:33,YEON,2022-09-02 18:11:48,
395E,U1561,A,2,H,3,A,200.0,9.899999999999999,9.899999999999999,44834082,SHLF10902761,10,0.16,6,10,10,12,No-Filter,181047,213,10621,109031,553,1885,44135,-3055,85610,17988,23915,394,19410,247904,48386,XRF2,1,2022-08-23,13:41:54,YEON,2022-09-02 18:11:48,
395E,U1561,A,2,H,3,A,250.0,9.95,9.95,44834082,SHLF10902761,10,0.16,6,10,10,12,No-Filter,182189,184,10628,110040,533,1943,45213,-3312,85428,17534,24185,914,19961,248162,48469,XRF2,1,2022-08-23,13:42:15,YEON,2022-09-02 18:11:48,
395E,U1561,A,2,H,3,A,295.0,9.995,9.995,44834082,SHLF10902761,10,0.16,6,9,10,12,No-Filter,178791,242,10311,107018,600,2139,44953,-3116,81983,18538,23691,514,19194,242518,48078,XRF2,1,2022-08-23,13:42:35,YEON,2022-09-02 18:11:48,
395E,U1561,A,2,H,3,A,350.0,10.049999999999999,10.049999999999999,44834082,SHLF10902761,10,0.16,6,9,10,12,No-Filter,176665,227,10887,109180,589,1991,41993,-2624,82465,18072,23387,677,17517,237749,46696,XRF2,1,2022-08-23,13:42:56,YEON,2022-09-02 18:11:48,
395E,U1561,A,2,H,3,A,400.0,10.1,10.1,44834082,SHLF10902761,10,0.16,6,9,10,12,No-Filter,176846,219,9901,101384,550,2045,47864,-3261,80337,17561,23539,765,18029,237432,48566,XRF2,1,2022-08-23,13:43:16,YEON,2022-09-02 18:11:48,
395E,U1561,A,2,H,3,A,450.0,10.149999999999999,10.149999999999999,44834082,SHLF10902761,10,0.16,6,9,10,12,No-Filter,178771,133,9541,99786,585,2156,49662,-3234,81103,17877,23567,931,18498,241924,48980,XRF2,1,2022-08-23,13:43:37,YEON,2022-09-02 18:11:48,
395E,U1561,A,2,H,3,A,500.0,10.2,10.2,44834082,SHLF10902761,10,0.16,6,9,10,12,No-Filter,177117,205,10213,103900,591,1999,46090,-3142,79809,17826,23294,524,20125,234346,47728,XRF2,1,2022-08-23,13:43:57,YEON,2022-09-02 18:11:48,
395E,U1561,A,2,H,3,A,550.0,10.25,10.25,44834082,SHLF10902761,10,0.16,6,10,10,12,No-Filter,182232,221,11436,112354,725,1995,44682,-3100,82687,18961,24003,681,20593,243413,48001,XRF2,1,2022-08-23,13:44:18,YEON,2022-09-02 18:11:48,
395E,U1561,A,2,H,3,A,600.0,10.299999999999999,10.299999999999999,44834082,SHLF10902761,10,0.16,6,10,10,12,No-Filter,179736,243,11324,111361,650,1972,42715,-3005,81893,17232,23800,522,19842,242784,47208,XRF2,1,2022-08-23,13:44:38,YEON,2022-09-02 18:11:48,
395E,U1561,A,2,H,3,A,650.0,10.35,10.35,44834082,SHLF10902761,10,0.16,6,9,10,12,No-Filter,178813,201,11032,109559,565,1988,43655,-3098,81736,17103,24408,698,17065,242905,46874,XRF2,1,2022-08-23,13:44:59,YEON,2022-09-02 18:11:48,
395E,U1561,A,2,H,3,A,700.0,10.399999999999999,10.399999999999999,44834082,SHLF10902761,10,0.16,6,10,10,12,No-Filter,180009,205,10896,110188,559,1899,43676,-2931,83680,17540,24532,646,17536,246388,47688,XRF2,1,2022-08-23,13:45:21,YEON,2022-09-02 18:11:48,
395E,U1561,A,2,H,3,A,750.0,10.45,10.45,44834082,SHLF10902761,10,0.16,6,10,10,12,No-Filter,189454,279,13225,127756,768,1787,37538,-3357,92997,19333,26942,1326,18158,265647,47579,XRF2,1,2022-08-23,13:45:43,YEON,2022-09-02 18:11:48,
395E,U1561,A,2,H,3,A,800.0,10.5,10.5,44834082,SHLF10902761,10,0.16,6,10,10,12,No-Filter,189907,203,12350,122000,841,1934,39155,-3768,92385,20217,27214,855,19525,269566,48357,XRF2,1,2022-08-23,13:46:04,YEON,2022-09-02 18:11:48,
395E,U1561,A,2,H,3,A,850.0,10.549999999999999,10.549999999999999,44834082,SHLF10902761,10,0.16,6,10,10,12,No-Filter,184251,249,11948,118183,704,1834,39761,-3451,88226,19350,26079,727,19216,255224,47515,XRF2,1,2022-08-23,13:46:25,YEON,2022-09-02 18:11:48,
395E,U1561,A,2,H,3,A,900.0,10.6,10.6,44834082,SHLF10902761,10,0.16,6,10,10,12,No-Filter,185639,226,11641,116104,654,1852,41330,-3265,88984,19474,26243,695,19052,258764,48124,XRF2,1,2022-08-23,13:46:46,YEON,2022-09-02 18:11:48,
395E,U1561,A,2,H,3,A,950.0,10.649999999999999,10.649999999999999,44834082,SHLF10902761,10,0.16,6,10,10,12,No-Filter,186941,179,11500,116583,896,2066,41972,-3480,88862,21426,26268,968,21780,261771,47458,XRF2,1,2022-08-23,13:47:07,YEON,2022-09-02 18:11:48,
395E,U1561,A,2,H,3,A,1000.0,10.7,10.7,44834082,SHLF10902761,10,0.16,6,10,10,12,No-Filter,186950,251,11779,116826,736,1817,41426,-3204,89481,20185,25931,633,21214,261140,47218,XRF2,1,2022-08-23,13:47:28,YEON,2022-09-02 18:11:48,
395E,U1561,A,2,H,3,A,1050.0,10.75,10.75,44834082,SHLF10902761,10,0.16,6,10,10,12,No-Filter,181595,131,10651,108124,629,1845,42039,-3007,85090,18704,24581,594,20354,248954,46804,XRF2,1,2022-08-23,13:47:49,YEON,2022-09-02 18:11:48,
395E,U1561,A,2,H,3,A,1100.0,10.799999999999999,10.799999999999999,44834082,SHLF10902761,10,0.16,6,10,10,12,No-Filter,185375,252,12214,118819,766,1767,40098,-3142,88570,19545,25034,689,21303,255107,47374,XRF2,1,2022-08-23,13:48:09,YEON,2022-09-02 18:11:48,
395E,U1561,A,2,H,3,A,1150.0,10.85,10.85,44834082,SHLF10902761,10,0.16,6,10,10,12,No-Filter,180752,190,10838,110305,744,2063,42797,-2697,83657,17821,24678,483,19592,250679,46854,XRF2,1,2022-08-23,13:48:30,YEON,2022-09-02 18:11:48,
395E,U1561,A,2,H,3,A,1200.0,10.899999999999999,10.899999999999999,44834082,SHLF10902761,10,0.16,6,9,10,12,No-Filter,174479,198,10624,107526,624,1884,39572,-2279,81649,16842,23392,296,20290,240117,45844,XRF2,1,2022-08-23,13:48:51,YEON,2022-09-02 18:11:48,
395E,U1561,A,2,H,3,A,1250.0,10.95,10.95,44834082,SHLF10902761,10,0.16,6,9,10,12,No-Filter,176606,137,10278,105245,556,1791,42238,-2952,81757,17243,24281,742,19858,244703,46857,XRF2,1,2022-08-23,13:49:11,YEON,2022-09-02 18:11:48,
395E,U1561,A,2,H,3,A,1300.0,11.0,11.0,44834082,SHLF10902761,10,0.16,6,9,10,12,No-Filter,172018,187,9519,101002,635,1898,40140,-1933,79496,17856,23553,731,18707,237990,45784,XRF2,1,2022-08-23,13:49:32,YEON,2022-09-02 18:11:48,
395E,U1561,A,2,H,3,A,1350.0,11.049999999999999,11.049999999999999,44834082,SHLF10902761,10,0.16,6,9,10,12,No-Filter,171488,174,9549,100863,607,1806,41384,-1841,78080,17613,22993,722,18811,235796,46157,XRF2,1,2022-08-23,13:49:52,YEON,2022-09-02 18:11:48,
395E,U1561,A,2,H,3,A,1400.0,11.1,11.1,44834082,SHLF10902761,10,0.16,6,9,10,12,No-Filter,173480,165,9670,102184,735,1869,41935,-2543,78655,18554,23104,499,19733,236407,46771,XRF2,1,2022-08-23,13:50:14,YEON,2022-09-02 18:11:48,
395E,U1561,A,2,H,3,A,1450.0,11.149999999999999,11.149999999999999,44834082,SHLF10902761,10,0.16,6,9,10,12,No-Filter,173753,138,10210,104956,637,1742,40827,-2475,78196,17699,23336,625,20384,235072,46793,XRF2,1,2022-08-23,13:50:35,YEON,2022-09-02 18:11:48,
395E,U1561,A,2,H,3,A,1490.0,11.19,11.19,44834082,SHLF10902761,10,0.16,6,9,10,12,No-Filter,177892,225,11202,112149,630,1692,39503,-2784,81563,18127,23661,1020,21008,242183,45605,XRF2,1,2022-08-23,13:50:55,YEON,2022-09-02 18:11:48,
395E,U1561,A,2,H,4,A,50.0,11.260000000000002,11.260000000000002,44834092,SHLF10902791,10,0.16,6,10,10,12,No-Filter,183587,305,12441,120184,725,1704,39721,-3045,84457,19553,24302,502,25425,246699,46818,XRF2,1,2022-08-23,14:19:35,YEON,2022-09-02 18:11:50,
395E,U1561,A,2,H,4,A,100.0,11.31,11.31,44834092,SHLF10902791,10,0.16,6,9,10,12,No-Filter,176787,212,11674,115163,747,1558,37669,-2465,81557,19263,23428,431,20614,238479,45962,XRF2,1,2022-08-23,14:19:56,YEON,2022-09-02 18:11:50,
395E,U1561,A,2,H,4,A,150.0,11.360000000000001,11.360000000000001,44834092,SHLF10902791,10,0.16,6,9,10,12,No-Filter,177803,205,11792,118760,820,1566,35786,-2559,83486,19073,23860,645,19109,242955,45854,XRF2,1,2022-08-23,14:20:16,YEON,2022-09-02 18:11:50,
395E,U1561,A,2,H,4,A,200.0,11.41,11.41,44834092,SHLF10902791,10,0.16,6,10,10,12,No-Filter,185100,190,12382,122449,850,1671,34801,-2489,89846,19385,25777,685,21486,259566,46405,XRF2,1,2022-08-23,14:20:37,YEON,2022-09-02 18:11:50,
395E,U1561,A,2,H,4,A,250.0,11.46,11.46,44834092,SHLF10902791,10,0.16,6,10,10,12,No-Filter,187245,236,12896,127381,949,1666,33487,-2804,91896,21456,26393,1021,21788,265030,45918,XRF2,1,2022-08-23,14:20:58,YEON,2022-09-02 18:11:50,
395E,U1561,A,2,H,4,A,300.0,11.510000000000002,11.510000000000002,44834092,SHLF10902791,10,0.16,6,10,10,12,No-Filter,191757,277,13242,129509,945,1622,34058,-3758,95282,21761,27373,653,21734,274945,47107,XRF2,1,2022-08-23,14:21:19,YEON,2022-09-02 18:11:50,
395E,U1561,A,2,H,4,A,350.0,11.56,11.56,44834092,SHLF10902791,10,0.16,6,10,10,12,No-Filter,187350,213,13124,127121,975,1490,33539,-2760,91133,21321,25915,760,25871,264511,46058,XRF2,1,2022-08-23,14:21:40,YEON,2022-09-02 18:11:50,
395E,U1561,A,2,H,4,A,400.0,11.610000000000001,11.610000000000001,44834092,SHLF10902791,10,0.16,6,10,10,12,No-Filter,189745,238,13318,126598,892,1805,34436,-3069,93015,21295,27119,667,24576,269664,46759,XRF2,1,2022-08-23,14:22:03,YEON,2022-09-02 18:11:50,
395E,U1561,A,2,H,4,A,450.0,11.66,11.66,44834092,SHLF10902791,10,0.16,6,10,10,12,No-Filter,188041,262,12523,124324,830,1555,33732,-2673,91320,21189,26760,688,29268,266270,46056,XRF2,1,2022-08-23,14:22:24,YEON,2022-09-02 18:11:50,
395E,U1561,A,2,H,4,A,515.0,11.725000000000001,11.725000000000001,44834092,SHLF10902791,10,0.16,6,10,10,12,No-Filter,189642,327,13299,129416,953,1522,32290,-3181,94344,21885,27104,580,21092,272666,46507,XRF2,1,2022-08-23,14:22:46,YEON,2022-09-02 18:11:50,
395E,U1561,A,2,H,4,A,550.0,11.760000000000002,11.760000000000002,44834092,SHLF10902791,10,0.16,6,10,10,12,No-Filter,188265,222,12769,127053,822,1574,33503,-2607,93189,20394,26877,679,24114,269061,46492,XRF2,1,2022-08-23,14:23:08,YEON,2022-09-02 18:11:50,
395E,U1561,A,2,H,4,A,600.0,11.81,11.81,44834092,SHLF10902791,10,0.16,6,10,10,12,No-Filter,186288,269,13050,127077,903,1637,31964,-2752,92801,20933,26419,510,22799,264756,46120,XRF2,1,2022-08-23,14:23:29,YEON,2022-09-02 18:11:50,
395E,U1561,A,2,H,4,A,650.0,11.860000000000001,11.860000000000001,44834092,SHLF10902791,10,0.16,6,10,10,12,No-Filter,184719,181,12520,123554,897,1538,31603,-2352,92222,20769,26216,611,25207,261399,45817,XRF2,1,2022-08-23,14:23:50,YEON,2022-09-02 18:11:50,
395E,U1561,A,2,H,4,A,700.0,11.91,11.91,44834092,SHLF10902791,10,0.16,6,10,10,12,No-Filter,180884,242,12095,120632,782,1469,31361,-1941,90293,20506,24954,831,22677,256740,44939,XRF2,1,2022-08-23,14:24:11,YEON,2022-09-02 18:11:50,
395E,U1561,A,2,H,4,A,750.0,11.96,11.96,44834092,SHLF10902791,10,0.16,6,9,10,12,No-Filter,176558,205,11206,113826,766,1579,31334,-1344,87791,19473,25063,469,21599,252229,44755,XRF2,1,2022-08-23,14:24:31,YEON,2022-09-02 18:11:50,
395E,U1561,A,2,H,4,A,800.0,12.010000000000002,12.010000000000002,44834092,SHLF10902791,10,0.16,6,9,10,12,No-Filter,173933,163,10852,111810,911,1438,30166,-976,86418,21148,24692,750,21572,246298,43780,XRF2,1,2022-08-23,14:24:52,YEON,2022-09-02 18:11:50,
395E,U1561,A,2,H,4,A,850.0,12.06,12.06,44834092,SHLF10902791,10,0.16,6,9,10,12,No-Filter,171956,173,10726,108622,876,1188,29856,-442,85373,20449,24139,700,21949,243296,43982,XRF2,1,2022-08-23,14:25:12,YEON,2022-09-02 18:11:50,
395E,U1561,A,2,H,4,A,900.0,12.110000000000001,12.110000000000001,44834092,SHLF10902791,10,0.16,6,9,10,12,No-Filter,170172,184,10140,107194,760,1382,30319,-708,84224,20143,24445,719,20811,240089,44119,XRF2,1,2022-08-23,14:25:33,YEON,2022-09-02 18:11:50,
395E,U1561,A,2,H,4,A,960.0,12.170000000000002,12.170000000000002,44834092,SHLF10902791,10,0.16,6,9,10,12,No-Filter,172894,251,11031,111920,856,1419,29117,-891,87420,20159,24679,814,21434,244289,43461,XRF2,1,2022-08-23,14:25:55,YEON,2022-09-02 18:11:50,
395E,U1561,A,2,H,4,A,1000.0,12.21,12.21,44834092,SHLF10902791,10,0.16,6,9,10,12,No-Filter,175379,119,10987,113532,906,1437,30211,-1196,86893,21808,24835,761,21340,248405,44046,XRF2,1,2022-08-23,14:26:16,YEON,2022-09-02 18:11:50,
395E,U1561,A,2,H,4,A,1050.0,12.260000000000002,12.260000000000002,44834092,SHLF10902791,10,0.16,6,9,10,12,No-Filter,175295,108,11186,113333,947,1469,29917,-1130,88079,22008,25249,705,21430,246162,44553,XRF2,1,2022-08-23,14:26:36,YEON,2022-09-02 18:11:50,
395E,U1561,A,2,H,4,A,1100.0,12.31,12.31,44834092,SHLF10902791,10,0.16,6,10,10,12,No-Filter,179702,246,12117,118320,1042,1355,30402,-1676,89936,24117,25267,714,25069,252543,44585,XRF2,1,2022-08-23,14:26:57,YEON,2022-09-02 18:11:50,
395E,U1561,A,2,H,4,A,1150.0,12.360000000000001,12.360000000000001,44834092,SHLF10902791,10,0.16,6,9,10,12,No-Filter,166411,210,10702,106778,892,1345,27559,-321,81256,23184,23784,935,19730,232715,42521,XRF2,1,2022-08-23,14:27:17,YEON,2022-09-02 18:11:50,
395E,U1561,A,2,H,4,A,1200.0,12.41,12.41,44834092,SHLF10902791,10,0.16,6,9,10,12,No-Filter,175554,176,11446,114160,834,1360,28599,-1176,88179,20051,24828,321,23744,248825,42972,XRF2,1,2022-08-23,14:27:38,YEON,2022-09-02 18:11:50,
395E,U1561,A,2,H,4,A,1250.0,12.46,12.46,44834092,SHLF10902791,10,0.16,6,9,10,12,No-Filter,172678,219,11306,111819,739,1279,27792,-654,85606,18623,24618,783,20039,248446,43399,XRF2,1,2022-08-23,14:27:58,YEON,2022-09-02 18:11:50,
395E,U1561,A,2,H,4,A,1300.0,12.510000000000002,12.510000000000002,44834092,SHLF10902791,10,0.16,6,9,10,12,No-Filter,170630,192,10782,109830,765,1334,27708,-20,84944,19256,24520,540,21909,242896,41973,XRF2,1,2022-08-23,14:28:19,YEON,2022-09-02 18:11:50,
395E,U1561,A,2,H,4,A,1350.0,12.56,12.56,44834092,SHLF10902791,10,0.16,6,9,10,12,No-Filter,174384,227,11387,114936,619,1221,28151,-874,87699,18849,25471,871,18559,252051,43435,XRF2,1,2022-08-23,14:28:39,YEON,2022-09-02 18:11:50,
395E,U1561,A,2,H,4,A,1400.0,12.610000000000001,12.610000000000001,44834092,SHLF10902791,10,0.16,6,9,10,12,No-Filter,173843,184,11197,113548,599,1347,28046,-1261,86492,19878,24903,587,18969,249956,43387,XRF2,1,2022-08-23,14:29:00,YEON,2022-09-02 18:11:50,
395E,U1561,A,2,H,4,A,1440.0,12.65,12.65,44834092,SHLF10902791,10,0.16,6,9,10,12,No-Filter,176786,202,11433,115600,699,1261,30861,-2115,87553,19656,25224,818,19180,252213,44469,XRF2,1,2022-08-23,14:29:20,YEON,2022-09-02 18:11:50,
395E,U1561,A,2,H,5,A,50.0,12.760000000000002,12.760000000000002,44834102,SHLF10902821,10,0.16,6,9,10,12,No-Filter,179448,275,11997,119474,820,1407,30543,-1766,89884,20051,26104,781,20894,257145,44095,XRF2,1,2022-08-26,10:38:39,YEON,2022-09-02 18:11:52,
395E,U1561,A,2,H,5,A,100.0,12.81,12.81,44834102,SHLF10902821,10,0.16,6,10,10,12,No-Filter,183590,179,12670,124369,872,1364,30984,-2072,92276,20596,26817,646,19802,264024,44170,XRF2,1,2022-08-26,10:38:59,YEON,2022-09-02 18:11:52,
395E,U1561,A,2,H,5,A,150.0,12.860000000000001,12.860000000000001,44834102,SHLF10902821,10,0.16,6,10,10,12,No-Filter,185692,284,13383,127478,883,1551,30459,-2562,93239,20580,26746,674,22255,265650,44173,XRF2,1,2022-08-26,10:39:20,YEON,2022-09-02 18:11:52,
395E,U1561,A,2,H,5,A,200.0,12.91,12.91,44834102,SHLF10902821,10,0.16,6,10,10,12,No-Filter,186549,255,13016,125911,862,1394,31635,-2443,93777,21145,27078,685,21537,268014,45092,XRF2,1,2022-08-26,10:39:40,YEON,2022-09-02 18:11:52,
395E,U1561,A,2,H,5,A,250.0,12.96,12.96,44834102,SHLF10902821,10,0.16,6,10,10,12,No-Filter,186489,337,13154,124553,961,1398,32048,-2217,92030,22220,26885,730,24128,268021,44177,XRF2,1,2022-08-26,10:40:00,YEON,2022-09-02 18:11:52,
395E,U1561,A,2,H,5,A,300.0,13.010000000000002,13.010000000000002,44834102,SHLF10902821,10,0.16,6,10,10,12,No-Filter,190230,269,12984,127239,792,1491,31569,-2456,94666,21822,27143,825,25577,274719,45216,XRF2,1,2022-08-26,10:40:20,YEON,2022-09-02 18:11:52,
395E,U1561,A,2,H,5,A,350.0,13.06,13.06,44834102,SHLF10902821,10,0.16,6,10,10,12,No-Filter,188769,274,13536,127464,807,1431,32987,-2513,93175,21671,27323,688,23691,269285,45710,XRF2,1,2022-08-26,10:40:41,YEON,2022-09-02 18:11:52,
395E,U1561,A,2,H,5,A,400.0,13.110000000000001,13.110000000000001,44834102,SHLF10902821,10,0.16,6,10,10,12,No-Filter,189917,298,13512,127879,903,1520,32916,-3022,94003,21782,27478,950,23767,270972,46060,XRF2,1,2022-08-26,10:41:01,YEON,2022-09-02 18:11:52,
395E,U1561,A,2,H,5,A,450.0,13.16,13.16,44834102,SHLF10902821,10,0.16,6,10,10,12,No-Filter,184833,292,13124,125550,849,1368,32028,-2517,90902,20628,26810,442,22850,261641,45130,XRF2,1,2022-08-26,10:41:21,YEON,2022-09-02 18:11:52,
395E,U1561,A,2,H,5,A,500.0,13.21,13.21,44834102,SHLF10902821,10,0.16,6,10,10,12,No-Filter,187150,218,13438,127886,986,1588,31456,-2785,94548,21051,26975,491,24268,265552,44842,XRF2,1,2022-08-26,10:41:42,YEON,2022-09-02 18:11:52,
395E,U1561,A,2,H,5,A,550.0,13.260000000000002,13.260000000000002,44834102,SHLF10902821,10,0.16,6,10,10,12,No-Filter,187622,325,13338,128454,921,1250,31341,-2716,93291,21691,27404,888,22162,269531,44500,XRF2,1,2022-08-26,10:42:02,YEON,2022-09-02 18:11:52,
395E,U1561,A,2,H,5,A,600.0,13.31,13.31,44834102,SHLF10902821,10,0.16,6,10,10,12,No-Filter,190790,233,13648,130580,959,1452,31942,-2846,94565,21629,27444,672,24107,274231,45958,XRF2,1,2022-08-26,10:42:22,YEON,2022-09-02 18:11:52,
395E,U1561,A,2,H,5,A,650.0,13.360000000000001,13.360000000000001,44834102,SHLF10902821,10,0.16,6,10,10,12,No-Filter,193092,286,14073,133629,928,1361,31737,-2953,94962,22447,28021,679,24538,276073,46176,XRF2,1,2022-08-26,10:42:43,YEON,2022-09-02 18:11:52,
395E,U1561,A,2,H,5,A,700.0,13.41,13.41,44834102,SHLF10902821,10,0.16,6,10,10,12,No-Filter,190592,244,13469,131182,903,1427,30943,-2412,96138,20878,27867,753,23419,273611,44528,XRF2,1,2022-08-26,10:43:03,YEON,2022-09-02 18:11:52,
395E,U1561,A,2,H,5,A,750.0,13.46,13.46,44834102,SHLF10902821,10,0.16,6,10,10,12,No-Filter,194196,353,14286,134931,871,1598,32222,-3043,97138,20629,28161,1036,22448,279779,46317,XRF2,1,2022-08-26,10:43:23,YEON,2022-09-02 18:11:52,
395E,U1561,A,2,H,5,A,800.0,13.510000000000002,13.510000000000002,44834102,SHLF10902821,10,0.16,6,10,10,12,No-Filter,192723,265,14463,136004,1007,1458,30247,-3009,97405,21239,28023,745,22548,277208,45858,XRF2,1,2022-08-26,10:43:43,YEON,2022-09-02 18:11:52,
395E,U1561,A,2,H,5,A,850.0,13.56,13.56,44834102,SHLF10902821,10,0.16,6,10,10,12,No-Filter,191651,212,13872,132672,887,1300,30466,-2896,96805,20859,27224,878,25862,275543,45308,XRF2,1,2022-08-26,10:44:04,YEON,2022-09-02 18:11:52,
395E,U1561,A,2,H,5,A,900.0,13.610000000000001,13.610000000000001,44834102,SHLF10902821,10,0.16,6,10,10,12,No-Filter,189959,289,13888,133180,810,1335,30250,-2819,96937,19507,27216,632,22923,272919,45248,XRF2,1,2022-08-26,10:44:24,YEON,2022-09-02 18:11:52,
395E,U1561,A,2,H,5,A,950.0,13.66,13.66,44834102,SHLF10902821,10,0.16,6,10,10,12,No-Filter,191658,343,14401,133346,938,1542,31438,-3401,96862,20152,27560,700,22676,276709,45845,XRF2,1,2022-08-26,10:44:44,YEON,2022-09-02 18:11:52,
395E,U1561,A,2,H,5,A,1000.0,13.71,13.71,44834102,SHLF10902821,10,0.16,6,10,10,12,No-Filter,190874,299,13762,131197,967,1445,30841,-2732,95630,22647,27216,518,27615,272628,44840,XRF2,1,2022-08-26,10:45:05,YEON,2022-09-02 18:11:52,
395E,U1561,A,2,H,5,A,1050.0,13.760000000000002,13.760000000000002,44834102,SHLF10902821,10,0.16,6,10,10,12,No-Filter,191193,284,13829,133250,1130,1445,30818,-3073,96396,22098,27567,774,24116,274751,45558,XRF2,1,2022-08-26,10:45:25,YEON,2022-09-02 18:11:52,
395E,U1561,A,2,H,5,A,1100.0,13.81,13.81,44834102,SHLF10902821,10,0.16,6,10,10,12,No-Filter,188638,323,13577,130001,1265,1534,30397,-2582,94367,23516,26840,799,24997,269471,44701,XRF2,1,2022-08-26,10:45:45,YEON,2022-09-02 18:11:52,
395E,U1561,A,2,H,5,A,1150.0,13.860000000000001,13.860000000000001,44834102,SHLF10902821,10,0.16,6,10,10,12,No-Filter,189764,296,13562,131602,1027,1442,30867,-2907,95500,21896,27450,669,23385,273008,44766,XRF2,1,2022-08-26,10:46:05,YEON,2022-09-02 18:11:52,
395E,U1561,A,2,H,5,A,1200.0,13.91,13.91,44834102,SHLF10902821,10,0.16,6,10,10,12,No-Filter,182730,202,12924,125527,1003,1281,28835,-1966,93195,20843,26453,804,20180,262881,43977,XRF2,1,2022-08-26,10:46:25,YEON,2022-09-02 18:11:52,
395E,U1561,A,2,H,5,A,1250.0,13.96,13.96,44834102,SHLF10902821,10,0.16,6,10,10,12,No-Filter,180386,281,12726,120372,876,1282,30510,-1945,88537,20543,25945,782,22366,257939,43964,XRF2,1,2022-08-26,10:46:46,YEON,2022-09-02 18:11:52,
395E,U1561,A,2,H,5,A,1300.0,14.010000000000002,14.010000000000002,44834102,SHLF10902821,10,0.16,6,9,10,12,No-Filter,175729,182,11876,116867,913,1304,29124,-1254,85327,20548,24833,554,24538,248971,42737,XRF2,1,2022-08-26,10:47:06,YEON,2022-09-02 18:11:52,
395E,U1561,A,2,H,5,A,1350.0,14.06,14.06,44834102,SHLF10902821,10,0.16,6,9,10,12,No-Filter,171816,226,11168,114378,769,1278,27961,-888,83343,20182,23922,492,22506,242594,42715,XRF2,1,2022-08-26,10:47:26,YEON,2022-09-02 18:11:52,
395E,U1561,A,2,H,5,A,1400.0,14.110000000000001,14.110000000000001,44834102,SHLF10902821,10,0.16,6,9,10,12,No-Filter,172885,246,11449,113372,795,1253,28079,-1183,85275,19631,24716,637,22176,246803,42450,XRF2,1,2022-08-26,10:47:46,YEON,2022-09-02 18:11:52,
395E,U1561,A,2,H,5,A,1450.0,14.16,14.16,44834102,SHLF10902821,10,0.16,6,9,10,12,No-Filter,171906,179,11418,114312,936,1137,26595,-520,84298,20179,24320,709,22643,244743,42111,XRF2,1,2022-08-26,10:48:07,YEON,2022-09-02 18:11:52,
395E,U1561,A,2,H,5,A,1490.0,14.200000000000001,14.200000000000001,44834102,SHLF10902821,10,0.16,6,9,10,12,No-Filter,171827,223,11252,113245,847,1106,25963,-1075,85161,19709,24718,665,26065,242644,42676,XRF2,1,2022-08-26,10:48:27,YEON,2022-09-02 18:11:52,
395E,U1561,A,2,H,6,A,50.0,14.270000000000001,14.270000000000001,44834112,SHLF10902851,10,0.16,6,10,10,12,No-Filter,187764,210,13211,128431,1028,1617,30664,-2527,93819,22559,27222,996,24139,267779,45472,XRF2,1,2022-08-26,11:17:48,YEON,2022-09-02 18:11:54,
395E,U1561,A,2,H,6,A,100.0,14.32,14.32,44834112,SHLF10902851,10,0.16,6,10,10,12,No-Filter,183850,258,12722,125305,1021,1580,30676,-2222,92938,22132,26813,587,22509,259517,44744,XRF2,1,2022-08-26,11:18:09,YEON,2022-09-02 18:11:54,
395E,U1561,A,2,H,6,A,150.0,14.370000000000001,14.370000000000001,44834112,SHLF10902851,10,0.16,6,10,10,12,No-Filter,187073,280,13399,130465,910,1333,29236,-2226,94591,21464,27337,611,22442,267972,44539,XRF2,1,2022-08-26,11:18:29,YEON,2022-09-02 18:11:54,
395E,U1561,A,2,H,6,A,200.0,14.42,14.42,44834112,SHLF10902851,10,0.16,6,10,10,12,No-Filter,190546,283,14090,132221,879,1752,31113,-3093,97047,20128,27899,1040,20375,275652,46292,XRF2,1,2022-08-26,11:18:49,YEON,2022-09-02 18:11:54,
395E,U1561,A,2,H,6,A,255.0,14.475000000000001,14.475000000000001,44834112,SHLF10902851,10,0.16,6,10,10,12,No-Filter,185581,212,13415,129810,1022,1492,30102,-2354,95339,19993,27156,668,19572,266057,44944,XRF2,1,2022-08-26,11:19:10,YEON,2022-09-02 18:11:54,
395E,U1561,A,2,H,6,A,300.0,14.520000000000001,14.520000000000001,44834112,SHLF10902851,10,0.16,6,10,10,12,No-Filter,186973,255,13529,128239,896,1511,30696,-2386,95585,19566,27017,732,22410,269134,45280,XRF2,1,2022-08-26,11:19:30,YEON,2022-09-02 18:11:54,
395E,U1561,A,2,H,6,A,350.0,14.57,14.57,44834112,SHLF10902851,10,0.16,6,10,10,12,No-Filter,188098,287,13646,129258,930,1564,31162,-2541,94643,19519,27451,253,21850,270914,45894,XRF2,1,2022-08-26,11:19:50,YEON,2022-09-02 18:11:54,
395E,U1561,A,2,H,6,A,400.0,14.620000000000001,14.620000000000001,44834112,SHLF10902851,10,0.16,6,10,10,12,No-Filter,186269,321,13309,129360,915,1345,30878,-2788,92400,19800,27160,544,23356,265642,45320,XRF2,1,2022-08-26,11:20:11,YEON,2022-09-02 18:11:54,
395E,U1561,A,2,H,6,A,450.0,14.67,14.67,44834112,SHLF10902851,10,0.16,6,10,10,12,No-Filter,190455,240,14091,132906,841,1460,29710,-2788,98374,18329,27512,823,23556,276400,45836,XRF2,1,2022-08-26,11:20:31,YEON,2022-09-02 18:11:54,
395E,U1561,A,2,H,6,A,500.0,14.72,14.72,44834112,SHLF10902851,10,0.16,6,10,10,12,No-Filter,189203,279,13911,132071,783,1407,29249,-2597,98924,18098,27883,668,22758,275761,45868,XRF2,1,2022-08-26,11:20:51,YEON,2022-09-02 18:11:54,
395E,U1561,A,2,H,6,A,550.0,14.770000000000001,14.770000000000001,44834112,SHLF10902851,10,0.16,6,10,10,12,No-Filter,191127,351,14791,136024,839,1292,28998,-2918,99544,18620,27960,1053,23607,276454,45222,XRF2,1,2022-08-26,11:21:12,YEON,2022-09-02 18:11:54,
395E,U1561,A,2,H,6,A,600.0,14.82,14.82,44834112,SHLF10902851,10,0.16,6,10,10,12,No-Filter,190778,295,14244,135979,1028,1462,29116,-2943,98466,20292,28080,809,22975,273472,45433,XRF2,1,2022-08-26,11:21:32,YEON,2022-09-02 18:11:54,
395E,U1561,A,2,H,6,A,650.0,14.870000000000001,14.870000000000001,44834112,SHLF10902851,10,0.16,6,10,10,12,No-Filter,186948,313,13726,130847,888,1528,29731,-2425,96611,19289,27179,854,23990,266413,45059,XRF2,1,2022-08-26,11:21:52,YEON,2022-09-02 18:11:54,
395E,U1561,A,2,H,6,A,700.0,14.92,14.92,44834112,SHLF10902851,10,0.16,6,10,10,12,No-Filter,184933,244,13522,129907,699,1257,28476,-2483,96636,18072,27024,552,22501,264337,45005,XRF2,1,2022-08-26,11:22:13,YEON,2022-09-02 18:11:54,
395E,U1561,A,2,H,6,A,744.0,14.964,14.964,44834112,SHLF10902851,10,0.16,6,10,10,12,No-Filter,180527,228,13171,127019,746,1168,26224,-1859,94723,17355,26398,841,22957,257750,44010,XRF2,1,2022-08-26,11:22:33,YEON,2022-09-02 18:11:54,
395E,U1561,A,2,H,6,A,800.0,15.020000000000001,15.020000000000001,44834112,SHLF10902851,10,0.16,6,10,10,12,No-Filter,182820,249,13641,129379,874,1220,26123,-2181,96289,18117,26997,690,20730,262564,44898,XRF2,1,2022-08-26,11:22:53,YEON,2022-09-02 18:11:54,
395E,U1561,A,2,H,6,A,840.0,15.06,15.06,44834112,SHLF10902851,10,0.16,6,9,10,12,No-Filter,178677,218,12701,124111,933,1213,26348,-1380,93085,18293,26001,776,21801,255816,43472,XRF2,1,2022-08-26,11:23:14,YEON,2022-09-02 18:11:54,
395E,U1561,A,2,H,6,A,900.0,15.120000000000001,15.120000000000001,44834112,SHLF10902851,10,0.16,6,9,10,12,No-Filter,179107,232,12883,126590,825,1086,25127,-1221,93874,17962,26078,595,24037,254412,43490,XRF2,1,2022-08-26,11:23:34,YEON,2022-09-02 18:11:54,
395E,U1561,A,2,H,6,A,950.0,15.17,15.17,44834112,SHLF10902851,10,0.16,6,10,10,12,No-Filter,180280,276,13220,125889,657,1302,26752,-1824,95503,17155,26586,713,19312,260381,44534,XRF2,1,2022-08-26,11:23:54,YEON,2022-09-02 18:11:54,
395E,U1561,A,2,H,6,A,1000.0,15.22,15.22,44834112,SHLF10902851,10,0.16,6,10,10,12,No-Filter,182966,231,13872,128596,707,1297,26866,-2223,98136,17087,26841,515,19147,265096,44069,XRF2,1,2022-08-26,11:24:15,YEON,2022-09-02 18:11:54,
395E,U1561,A,2,H,6,A,1050.0,15.270000000000001,15.270000000000001,44834112,SHLF10902851,10,0.16,6,10,10,12,No-Filter,181303,243,13529,129528,690,1129,25562,-1863,96723,17110,26692,673,19619,261489,43942,XRF2,1,2022-08-26,11:24:35,YEON,2022-09-02 18:11:54,
395E,U1561,A,2,H,6,A,1100.0,15.32,15.32,44834112,SHLF10902851,10,0.16,6,10,10,12,No-Filter,181580,269,13335,127867,748,1308,27037,-2035,96461,17113,26726,785,18479,263081,43866,XRF2,1,2022-08-26,11:24:55,YEON,2022-09-02 18:11:54,
395E,U1561,A,2,H,6,A,1150.0,15.370000000000001,15.370000000000001,44834112,SHLF10902851,10,0.16,6,10,10,12,No-Filter,184944,223,13846,130961,691,1091,26019,-2047,97690,16608,27209,466,22350,267848,44593,XRF2,1,2022-08-26,11:25:16,YEON,2022-09-02 18:11:54,
395E,U1561,A,2,H,6,A,1200.0,15.42,15.42,44834112,SHLF10902851,10,0.16,6,10,10,12,No-Filter,184983,296,13840,129230,812,1261,27075,-2005,98306,17313,27465,865,22179,269049,44308,XRF2,1,2022-08-26,11:25:36,YEON,2022-09-02 18:11:54,
395E,U1561,A,2,H,6,A,1255.0,15.475000000000001,15.475000000000001,44834112,SHLF10902851,10,0.16,6,9,10,12,No-Filter,176163,231,12820,123497,751,1199,25153,-1092,94574,16044,25994,562,17250,256263,42954,XRF2,1,2022-08-26,11:25:56,YEON,2022-09-02 18:11:54,
395E,U1561,A,2,H,6,A,1300.0,15.520000000000001,15.520000000000001,44834112,SHLF10902851,10,0.16,6,9,10,12,No-Filter,177037,226,12699,121617,709,1217,25169,-1073,93232,16892,25881,701,21025,255517,43250,XRF2,1,2022-08-26,11:26:17,YEON,2022-09-02 18:11:54,
395E,U1561,A,2,H,6,A,1350.0,15.57,15.57,44834112,SHLF10902851,10,0.16,6,10,10,12,No-Filter,179840,238,13197,127535,780,1041,25526,-1557,94741,17231,27016,636,18776,260265,43596,XRF2,1,2022-08-26,11:26:37,YEON,2022-09-02 18:11:54,
395E,U1561,A,2,H,6,A,1400.0,15.620000000000001,15.620000000000001,44834112,SHLF10902851,10,0.16,6,9,10,12,No-Filter,176420,248,12756,123892,745,1058,24057,-884,93685,16513,25762,900,20528,255554,42582,XRF2,1,2022-08-26,11:26:58,YEON,2022-09-02 18:11:54,
395E,U1561,A,2,H,6,A,1450.0,15.67,15.67,44834112,SHLF10902851,10,0.16,6,10,10,12,No-Filter,180323,267,13096,127144,772,1178,25272,-1347,94914,17750,26523,948,19886,260912,42923,XRF2,1,2022-08-26,11:27:18,YEON,2022-09-02 18:11:54,
395E,U1561,A,2,H,6,A,1485.0,15.705,15.705,44834112,SHLF10902851,10,0.16,6,10,10,12,No-Filter,192262,347,15048,139270,737,1295,27296,-2933,103091,18221,28539,638,20102,282458,44414,XRF2,1,2022-08-26,11:27:38,YEON,2022-09-02 18:11:54,
395E,U1561,A,2,H,7,A,50.0,15.770000000000001,15.770000000000001,44834122,SHLF10902881,10,0.16,6,10,10,12,No-Filter,197385,267,15062,141000,987,1410,30333,-3044,105479,20661,28730,819,21161,285870,47088,XRF2,1,2022-08-26,11:54:52,YEON,2022-09-02 18:11:56,
395E,U1561,A,2,H,7,A,100.0,15.82,15.82,44834122,SHLF10902881,10,0.16,6,10,10,12,No-Filter,193552,269,14558,138079,910,1398,28778,-2866,103132,20790,28230,877,18510,282080,46048,XRF2,1,2022-08-26,11:55:12,YEON,2022-09-02 18:11:56,
395E,U1561,A,2,H,7,A,145.0,15.865,15.865,44834122,SHLF10902881,10,0.16,6,10,10,12,No-Filter,188504,313,14045,133086,888,1426,28649,-2257,100407,20304,27516,556,20140,272205,44156,XRF2,1,2022-08-26,11:55:33,YEON,2022-09-02 18:11:56,
395E,U1561,A,2,H,7,A,200.0,15.92,15.92,44834122,SHLF10902881,10,0.16,6,10,10,12,No-Filter,190029,317,14073,133839,917,1292,29223,-2770,101091,19764,27801,699,20766,276204,45049,XRF2,1,2022-08-26,11:55:53,YEON,2022-09-02 18:11:56,
395E,U1561,A,2,H,7,A,250.0,15.97,15.97,44834122,SHLF10902881,10,0.16,6,10,10,12,No-Filter,188194,255,13605,129779,954,1413,29511,-2562,98872,21272,27011,875,23770,270867,44686,XRF2,1,2022-08-26,11:56:14,YEON,2022-09-02 18:11:56,
395E,U1561,A,2,H,7,A,300.0,16.02,16.02,44834122,SHLF10902881,10,0.16,6,10,10,12,No-Filter,188077,289,13257,128789,992,1212,28771,-2355,98589,21838,27190,555,23401,269044,45266,XRF2,1,2022-08-26,11:56:34,YEON,2022-09-02 18:11:56,
395E,U1561,A,2,H,7,A,350.0,16.07,16.07,44834122,SHLF10902881,10,0.16,6,10,10,12,No-Filter,190269,265,13868,132869,1110,1442,29386,-3089,99192,21477,27765,595,22132,273744,45277,XRF2,1,2022-08-26,11:56:54,YEON,2022-09-02 18:11:56,
395E,U1561,A,2,H,7,A,400.0,16.12,16.12,44834122,SHLF10902881,10,0.16,6,10,10,12,No-Filter,184144,285,13108,125646,1016,1502,28773,-2440,95482,20510,26666,547,20917,266485,43951,XRF2,1,2022-08-26,11:57:15,YEON,2022-09-02 18:11:56,
395E,U1561,A,2,H,7,A,450.0,16.17,16.17,44834122,SHLF10902881,10,0.16,6,10,10,12,No-Filter,188509,301,13414,129856,1006,1422,30134,-2829,96427,21761,26889,580,23646,272240,45376,XRF2,1,2022-08-26,11:57:35,YEON,2022-09-02 18:11:56,
395E,U1561,A,2,H,7,A,500.0,16.22,16.22,44834122,SHLF10902881,10,0.16,6,10,10,12,No-Filter,189927,301,13780,129284,1092,1543,30849,-2801,97724,21904,27348,788,23334,275119,44975,XRF2,1,2022-08-26,11:57:56,YEON,2022-09-02 18:11:56,
395E,U1561,A,2,H,7,A,550.0,16.27,16.27,44834122,SHLF10902881,10,0.16,6,10,10,12,No-Filter,188421,285,13445,129161,828,1319,29555,-2468,97779,20696,27126,716,23969,272126,45031,XRF2,1,2022-08-26,11:58:16,YEON,2022-09-02 18:11:56,
395E,U1561,A,2,H,7,A,600.0,16.32,16.32,44834122,SHLF10902881,10,0.16,6,10,10,12,No-Filter,188797,259,14182,131014,906,1575,28585,-2530,99325,19577,27438,625,21325,275536,44338,XRF2,1,2022-08-26,11:58:37,YEON,2022-09-02 18:11:56,
395E,U1561,A,2,H,7,A,630.0,16.35,16.35,44834122,SHLF10902881,10,0.16,6,10,10,12,No-Filter,202235,311,15865,146131,883,1264,29159,-3066,107611,21204,29699,1027,21971,298406,45570,XRF2,1,2022-08-26,11:58:57,YEON,2022-09-02 18:11:56,
395E,U1561,A,3,H,1,A,50.0,16.25,16.25,44834132,SHLF10903051,10,0.16,6,10,10,12,No-Filter,181459,261,12487,122029,634,1425,29118,-1684,94621,19105,26463,792,21164,262666,43289,XRF2,1,2022-08-26,12:13:26,YEON,2022-09-02 18:11:58,
395E,U1561,A,3,H,1,A,100.0,16.3,16.3,44834132,SHLF10903051,10,0.16,6,10,10,12,No-Filter,185453,248,12698,124723,657,1389,30830,-2043,97325,18331,27310,926,19052,269419,44424,XRF2,1,2022-08-26,12:13:46,YEON,2022-09-02 18:11:58,
395E,U1561,A,3,H,1,A,150.0,16.349999999999998,16.349999999999998,44834132,SHLF10903051,10,0.16,6,10,10,12,No-Filter,186492,201,13313,126985,749,1378,30307,-2461,99914,17847,27852,816,17554,270322,45494,XRF2,1,2022-08-26,12:14:07,YEON,2022-09-02 18:11:58,
395E,U1561,A,3,H,1,A,200.0,16.4,16.4,44834132,SHLF10903051,10,0.16,6,10,10,12,No-Filter,188284,208,13912,129932,662,1294,29460,-2751,102563,17540,27273,504,18128,273756,45214,XRF2,1,2022-08-26,12:14:27,YEON,2022-09-02 18:11:58,
395E,U1561,A,3,H,1,A,250.0,16.45,16.45,44834132,SHLF10903051,10,0.16,6,10,10,12,No-Filter,191760,246,14395,132863,743,1252,30915,-3053,103266,18941,27949,896,21387,276000,46100,XRF2,1,2022-08-26,12:14:48,YEON,2022-09-02 18:11:58,
395E,U1561,A,3,H,1,A,300.0,16.5,16.5,44834132,SHLF10903051,10,0.16,6,10,10,12,No-Filter,195302,266,14140,135425,815,1276,31155,-3322,104506,20645,28209,720,21962,281257,46927,XRF2,1,2022-08-26,12:15:08,YEON,2022-09-02 18:11:58,
395E,U1561,A,3,H,1,A,340.0,16.54,16.54,44834132,SHLF10903051,10,0.16,6,10,10,12,No-Filter,194358,276,14381,136514,908,1422,30260,-3193,104986,19845,28316,621,20179,280208,46780,XRF2,1,2022-08-26,12:15:29,YEON,2022-09-02 18:11:58,
395E,U1561,A,3,H,1,A,360.0,16.56,16.56,44834132,SHLF10903051,10,0.16,6,10,10,12,No-Filter,193340,301,14807,136859,742,1391,30449,-3393,106122,17808,27861,777,20115,276369,46416,XRF2,1,2022-08-26,12:15:49,YEON,2022-09-02 18:11:58,
395E,U1561,A,3,H,1,A,400.0,16.599999999999998,16.599999999999998,44834132,SHLF10903051,10,0.16,6,10,10,12,No-Filter,195107,279,14799,138621,888,1460,30172,-3092,106989,20612,28457,553,20855,278747,46162,XRF2,1,2022-08-26,12:16:09,YEON,2022-09-02 18:11:58,
395E,U1561,A,3,H,1,A,450.0,16.65,16.65,44834132,SHLF10903051,10,0.16,6,10,10,12,No-Filter,194569,279,15055,137642,830,1382,29381,-3153,108138,19890,27914,1180,18494,280047,46596,XRF2,1,2022-08-26,12:16:30,YEON,2022-09-02 18:11:58,
395E,U1561,A,3,H,1,A,500.0,16.7,16.7,44834132,SHLF10903051,10,0.16,6,10,10,12,No-Filter,195464,286,15105,139000,752,1227,29260,-3263,111489,20609,28336,945,17874,281400,46631,XRF2,1,2022-08-26,12:16:50,YEON,2022-09-02 18:11:58,
395E,U1561,A,3,H,1,A,550.0,16.75,16.75,44834132,SHLF10903051,10,0.16,6,10,10,12,No-Filter,195456,288,14551,138423,900,1514,30264,-3285,113760,21384,27788,655,15473,278725,45717,XRF2,1,2022-08-26,12:17:11,YEON,2022-09-02 18:11:58,
395E,U1561,A,3,H,1,A,600.0,16.8,16.8,44834132,SHLF10903051,10,0.16,6,10,10,12,No-Filter,192936,281,14010,134612,737,1402,30611,-3383,112126,22091,27413,1309,18245,273627,45432,XRF2,1,2022-08-26,12:17:31,YEON,2022-09-02 18:11:58,
395E,U1561,A,3,H,1,A,650.0,16.849999999999998,16.849999999999998,44834132,SHLF10903051,10,0.16,6,10,10,12,No-Filter,193323,332,14187,135694,778,1259,29501,-2956,113027,23855,27414,655,16793,275887,45084,XRF2,1,2022-08-26,12:17:52,YEON,2022-09-02 18:11:58,
395E,U1561,A,3,H,1,A,700.0,16.9,16.9,44834132,SHLF10903051,10,0.16,6,10,10,12,No-Filter,189810,229,13825,131779,735,1343,29596,-2464,105375,20702,27438,1171,21104,271504,44507,XRF2,1,2022-08-26,12:18:12,YEON,2022-09-02 18:11:58,
395E,U1561,A,3,H,1,A,750.0,16.95,16.95,44834132,SHLF10903051,10,0.16,6,10,10,12,No-Filter,194544,309,14858,137791,865,1426,28405,-3262,106756,21926,28335,668,20836,281487,45547,XRF2,1,2022-08-26,12:18:33,YEON,2022-09-02 18:11:58,
395E,U1561,A,3,H,1,A,800.0,17.0,17.0,44834132,SHLF10903051,10,0.16,6,10,10,12,No-Filter,195937,324,14907,140171,951,1306,28949,-3208,106532,23395,27813,763,22821,282371,45128,XRF2,1,2022-08-26,12:18:53,YEON,2022-09-02 18:11:58,
395E,U1561,A,3,H,1,A,850.0,17.05,17.05,44834132,SHLF10903051,10,0.16,6,10,10,12,No-Filter,195944,299,14880,138445,864,1367,28886,-3431,106963,22385,28412,629,21960,284183,45741,XRF2,1,2022-08-26,12:19:14,YEON,2022-09-02 18:11:58,
395E,U1561,A,3,H,1,A,900.0,17.099999999999998,17.099999999999998,44834132,SHLF10903051,10,0.16,6,10,10,12,No-Filter,193382,191,13733,133492,906,1604,30479,-2833,103126,21627,28174,798,24556,281347,45261,XRF2,1,2022-08-26,12:19:34,YEON,2022-09-02 18:11:58,
395E,U1561,A,3,H,1,A,950.0,17.15,17.15,44834132,SHLF10903051,10,0.16,6,10,10,12,No-Filter,192107,280,13923,135622,884,1506,28872,-2832,103124,22581,27648,818,22333,278711,44636,XRF2,1,2022-08-26,12:19:55,YEON,2022-09-02 18:11:58,
395E,U1561,A,3,H,1,A,1000.0,17.2,17.2,44834132,SHLF10903051,10,0.16,6,10,10,12,No-Filter,191340,281,14451,135536,765,1414,27020,-2777,102638,22697,27848,849,23016,277479,43882,XRF2,1,2022-08-26,12:20:15,YEON,2022-09-02 18:11:58,
395E,U1561,A,3,H,1,A,1050.0,17.25,17.25,44834132,SHLF10903051,10,0.16,6,10,10,12,No-Filter,191294,236,14293,137604,852,1497,26792,-3055,103507,23903,28027,761,16577,278449,44189,XRF2,1,2022-08-26,12:20:35,YEON,2022-09-02 18:11:58,
395E,U1561,A,3,H,1,A,1100.0,17.3,17.3,44834132,SHLF10903051,10,0.16,6,10,10,12,No-Filter,190600,273,13548,133309,950,1409,28268,-2954,102128,25235,27396,661,19462,274882,44493,XRF2,1,2022-08-26,12:20:56,YEON,2022-09-02 18:11:58,
395E,U1561,A,3,H,1,A,1150.0,17.349999999999998,17.349999999999998,44834132,SHLF10903051,10,0.16,6,10,10,12,No-Filter,191765,233,13761,135492,935,1368,27876,-2472,104653,25057,27081,865,21391,276454,44139,XRF2,1,2022-08-26,12:21:16,YEON,2022-09-02 18:11:58,
395E,U1561,A,3,H,1,A,1200.0,17.4,17.4,44834132,SHLF10903051,10,0.16,6,10,10,12,No-Filter,192592,275,14170,135324,837,1409,28992,-2527,104084,23663,27654,713,20389,278072,43920,XRF2,1,2022-08-26,12:21:37,YEON,2022-09-02 18:11:58,
395E,U1561,A,3,H,1,A,1250.0,17.45,17.45,44834132,SHLF10903051,10,0.16,6,10,10,12,No-Filter,193162,317,14516,138428,856,1359,28517,-2745,106190,21690,27922,856,20020,278785,44867,XRF2,1,2022-08-26,12:21:57,YEON,2022-09-02 18:11:58,
395E,U1561,A,3,H,1,A,1300.0,17.5,17.5,44834132,SHLF10903051,10,0.16,6,10,10,12,No-Filter,191158,239,14098,135209,891,1212,28363,-2588,104656,19781,27383,763,21383,277482,44106,XRF2,1,2022-08-26,12:22:17,YEON,2022-09-02 18:11:58,
395E,U1561,A,3,H,1,A,1350.0,17.55,17.55,44834132,SHLF10903051,10,0.16,6,10,10,12,No-Filter,188475,265,13810,131899,817,1400,28343,-2373,102941,20976,27066,705,20303,271067,44310,XRF2,1,2022-08-26,12:22:38,YEON,2022-09-02 18:11:58,
395E,U1561,A,3,H,1,A,1400.0,17.599999999999998,17.599999999999998,44834132,SHLF10903051,10,0.16,6,10,10,12,No-Filter,189838,281,14147,133728,875,1462,28005,-2770,101594,21758,27382,647,23541,271739,43858,XRF2,1,2022-08-26,12:22:58,YEON,2022-09-02 18:11:58,
395E,U1561,A,3,H,1,A,1450.0,17.65,17.65,44834132,SHLF10903051,10,0.16,6,10,10,12,No-Filter,184461,276,13158,128473,941,1247,26752,-1818,97765,24385,25874,617,23345,261518,43806,XRF2,1,2022-08-26,12:23:19,YEON,2022-09-02 18:11:58,
395E,U1561,A,3,H,1,A,1490.0,17.689999999999998,17.689999999999998,44834132,SHLF10903051,10,0.16,6,10,10,12,No-Filter,194922,360,14560,137613,953,1186,28475,-3058,104276,25359,28085,633,27236,275456,44396,XRF2,1,2022-08-26,12:23:39,YEON,2022-09-02 18:11:58,
395E,U1561,A,3,H,2,A,50.0,17.75,17.75,44834142,SHLF10903081,10,0.16,6,10,10,12,No-Filter,201471,424,15703,149140,1242,1364,26594,-3197,109363,29097,28634,442,27608,284876,45410,XRF2,1,2022-08-26,12:52:24,YEON,2022-09-02 18:12:00,
395E,U1561,A,3,H,2,A,100.0,17.8,17.8,44834142,SHLF10903081,10,0.16,6,10,10,12,No-Filter,198535,395,15558,147499,1227,1036,26345,-3548,109512,29558,28498,701,23414,278214,46522,XRF2,1,2022-08-26,12:52:45,YEON,2022-09-02 18:12:00,
395E,U1561,A,3,H,2,A,150.0,17.849999999999998,17.849999999999998,44834142,SHLF10903081,10,0.16,6,10,10,12,No-Filter,198592,401,15451,148975,1246,1325,26274,-3121,109927,32211,28755,824,20318,277280,46193,XRF2,1,2022-08-26,12:53:06,YEON,2022-09-02 18:12:00,
395E,U1561,A,3,H,2,A,200.0,17.9,17.9,44834142,SHLF10903081,10,0.16,6,10,10,12,No-Filter,201050,365,15747,149716,1330,1249,27114,-3546,110913,33244,28665,917,21243,280824,46734,XRF2,1,2022-08-26,12:53:26,YEON,2022-09-02 18:12:00,
395E,U1561,A,3,H,2,A,250.0,17.95,17.95,44834142,SHLF10903081,10,0.16,6,10,10,12,No-Filter,203432,338,15427,150119,1189,1252,26228,-3332,110956,51195,28673,705,20277,277046,46194,XRF2,1,2022-08-26,12:53:47,YEON,2022-09-02 18:12:00,
395E,U1561,A,3,H,2,A,300.0,18.0,18.0,44834142,SHLF10903081,10,0.16,6,10,10,12,No-Filter,214489,419,14686,144717,1248,1244,26139,-3487,106051,138798,26385,909,19474,254696,46932,XRF2,1,2022-08-26,12:54:07,YEON,2022-09-02 18:12:00,
395E,U1561,A,3,H,2,A,350.0,18.05,18.05,44834142,SHLF10903081,10,0.16,6,11,10,12,No-Filter,234506,364,13238,132311,1223,1142,25901,-3302,95959,309903,22559,1354,16395,212593,47226,XRF2,1,2022-08-26,12:54:28,YEON,2022-09-02 18:12:00,
395E,U1561,A,3,H,2,A,400.0,18.099999999999998,18.099999999999998,44834142,SHLF10903081,10,0.16,6,11,10,12,No-Filter,253655,310,12225,124535,1309,1140,26603,-3602,89290,443761,19357,1073,13970,188404,48095,XRF2,1,2022-08-26,12:54:48,YEON,2022-09-02 18:12:00,
395E,U1561,A,3,H,2,A,450.0,18.15,18.15,44834142,SHLF10903081,10,0.16,6,11,10,12,No-Filter,254016,346,12084,124761,1298,970,25963,-3681,89691,445130,19254,1151,14880,187097,48852,XRF2,1,2022-08-26,12:55:09,YEON,2022-09-02 18:12:00,
395E,U1561,A,3,H,2,A,500.0,18.2,18.2,44834142,SHLF10903081,10,0.16,6,11,10,12,No-Filter,253711,276,12652,127090,1158,1079,25591,-3526,92008,429085,20367,1457,15903,194706,48370,XRF2,1,2022-08-26,12:55:30,YEON,2022-09-02 18:12:00,
395E,U1561,A,3,H,2,A,550.0,18.25,18.25,44834142,SHLF10903081,10,0.16,6,11,10,12,No-Filter,252416,320,11684,119542,1308,1050,24819,-3404,88213,460479,18670,1287,13236,182413,46960,XRF2,1,2022-08-26,12:55:51,YEON,2022-09-02 18:12:00,
395E,U1561,A,3,H,2,A,600.0,18.3,18.3,44834142,SHLF10903081,10,0.16,6,11,10,12,No-Filter,245220,307,12341,125567,1061,1078,25465,-3538,89539,410290,19543,1408,13386,187594,47488,XRF2,1,2022-08-26,12:56:12,YEON,2022-09-02 18:12:00,
395E,U1561,A,3,H,2,A,650.0,18.349999999999998,18.349999999999998,44834142,SHLF10903081,10,0.16,6,11,10,12,No-Filter,226102,294,13342,133514,1096,1266,27359,-3250,95986,261077,23081,753,14634,221169,46283,XRF2,1,2022-08-26,12:56:33,YEON,2022-09-02 18:12:00,
395E,U1561,A,3,H,2,A,700.0,18.4,18.4,44834142,SHLF10903081,10,0.16,6,10,10,12,No-Filter,217416,293,13623,134546,1367,1294,26473,-3460,98195,200373,23993,689,16170,233953,46491,XRF2,1,2022-08-26,12:56:53,YEON,2022-09-02 18:12:00,
395E,U1561,A,3,H,2,A,750.0,18.45,18.45,44834142,SHLF10903081,10,0.16,6,10,10,12,No-Filter,209496,433,14204,139549,1356,1128,27207,-3241,102356,126227,26256,828,19547,253611,46261,XRF2,1,2022-08-26,12:57:14,YEON,2022-09-02 18:12:00,
395E,U1561,A,3,H,2,A,800.0,18.5,18.5,44834142,SHLF10903081,10,0.16,6,10,10,12,No-Filter,198189,417,14797,145108,1078,962,26519,-3156,108364,39320,28315,745,20167,274999,46156,XRF2,1,2022-08-26,12:57:34,YEON,2022-09-02 18:12:00,
395E,U1561,A,3,H,2,A,850.0,18.55,18.55,44834142,SHLF10903081,10,0.16,6,10,10,12,No-Filter,198121,363,14881,146519,1155,1132,25649,-3109,108781,32267,28867,625,21156,279297,46082,XRF2,1,2022-08-26,12:57:55,YEON,2022-09-02 18:12:00,
395E,U1561,A,3,H,2,A,900.0,18.599999999999998,18.599999999999998,44834142,SHLF10903081,10,0.16,6,10,10,12,No-Filter,195101,305,14460,142059,1013,1071,26661,-3028,107768,27947,28456,758,18992,276600,46244,XRF2,1,2022-08-26,12:58:15,YEON,2022-09-02 18:12:00,
395E,U1561,A,3,H,2,A,950.0,18.65,18.65,44834142,SHLF10903081,10,0.16,6,10,10,12,No-Filter,195558,316,14297,141933,1074,1234,26675,-3103,108170,27137,28479,680,20384,276994,46225,XRF2,1,2022-08-26,12:58:36,YEON,2022-09-02 18:12:00,
395E,U1561,A,3,H,2,A,1000.0,18.7,18.7,44834142,SHLF10903081,10,0.16,6,10,10,12,No-Filter,194165,427,14229,142746,1036,1134,26143,-2959,107534,26937,27763,810,19770,275810,45626,XRF2,1,2022-08-26,12:58:56,YEON,2022-09-02 18:12:00,
395E,U1561,A,3,H,2,A,1050.0,18.75,18.75,44834142,SHLF10903081,10,0.16,6,10,10,12,No-Filter,193431,413,14383,143128,941,1078,26445,-3184,107946,24778,28093,655,19590,273983,46340,XRF2,1,2022-08-26,12:59:17,YEON,2022-09-02 18:12:00,
395E,U1561,A,3,H,2,A,1100.0,18.8,18.8,44834142,SHLF10903081,10,0.16,6,10,10,12,No-Filter,190006,486,14294,138995,1023,1159,25490,-2857,106170,22016,26791,571,19429,270699,45519,XRF2,1,2022-08-26,12:59:38,YEON,2022-09-02 18:12:00,
395E,U1561,A,3,H,2,A,1150.0,18.849999999999998,18.849999999999998,44834142,SHLF10903081,10,0.16,6,10,10,12,No-Filter,191030,386,14183,140870,903,1087,26491,-3074,107308,20999,27702,699,18483,272396,45512,XRF2,1,2022-08-26,12:59:58,YEON,2022-09-02 18:12:00,
395E,U1561,A,3,H,2,A,1200.0,18.9,18.9,44834142,SHLF10903081,10,0.16,6,10,10,12,No-Filter,189718,343,14337,140493,842,955,25686,-2541,107262,18497,27296,945,18385,270562,44909,XRF2,1,2022-08-26,13:00:19,YEON,2022-09-02 18:12:00,
395E,U1561,A,3,H,2,A,1250.0,18.95,18.95,44834142,SHLF10903081,10,0.16,6,10,10,12,No-Filter,191223,317,14104,140983,869,1016,25688,-2771,106072,19643,27653,630,19209,274102,46352,XRF2,1,2022-08-26,13:00:39,YEON,2022-09-02 18:12:00,
395E,U1561,A,3,H,2,A,1300.0,19.0,19.0,44834142,SHLF10903081,10,0.16,6,10,10,12,No-Filter,189675,343,13844,138898,977,1159,25639,-1826,105964,20691,27757,1103,19885,270791,44372,XRF2,1,2022-08-26,13:01:00,YEON,2022-09-02 18:12:00,
395E,U1561,A,3,H,2,A,1350.0,19.05,19.05,44834142,SHLF10903081,10,0.16,6,10,10,12,No-Filter,189700,332,13993,138990,940,861,25132,-2343,105867,20771,27605,821,19579,271892,45104,XRF2,1,2022-08-26,13:01:20,YEON,2022-09-02 18:12:00,
395E,U1561,A,3,H,2,A,1400.0,19.099999999999998,19.099999999999998,44834142,SHLF10903081,10,0.16,6,10,10,12,No-Filter,190641,298,13746,139877,1223,1283,24981,-2416,106861,23301,27844,454,19448,271001,45373,XRF2,1,2022-08-26,13:01:41,YEON,2022-09-02 18:12:00,
395E,U1561,A,3,H,2,A,1450.0,19.15,19.15,44834142,SHLF10903081,10,0.16,6,10,10,12,No-Filter,187584,374,13475,137945,835,1021,24979,-2247,103317,20798,27640,902,19138,267055,45029,XRF2,1,2022-08-26,13:02:01,YEON,2022-09-02 18:12:00,
395E,U1561,A,3,H,2,A,1500.0,19.2,19.2,44834142,SHLF10903081,10,0.16,6,7,10,12,No-Filter,56567,-32,355,17328,47,24,1825,12441,880,614,1430,-183,338,3577,34553,XRF2,1,2022-08-26,13:02:22,YEON,2022-09-02 18:12:00,
395E,U1561,A,3,H,3,A,50.0,19.25,19.25,44834152,SHLF10903111,10,0.16,6,10,10,12,No-Filter,194473,412,14587,145842,1139,1182,26385,-3022,107217,24020,28781,487,20724,276134,44740,XRF2,1,2022-08-26,13:31:15,YEON,2022-09-02 18:12:02,
395E,U1561,A,3,H,3,A,100.0,19.3,19.3,44834152,SHLF10903111,10,0.16,6,10,10,12,No-Filter,190566,336,13760,139659,1121,1254,26443,-2539,104187,22883,27956,1173,21994,269010,45228,XRF2,1,2022-08-26,13:31:35,YEON,2022-09-02 18:12:02,
395E,U1561,A,3,H,3,A,150.0,19.349999999999998,19.349999999999998,44834152,SHLF10903111,10,0.16,6,10,10,12,No-Filter,190896,396,13768,140165,1146,1065,26174,-2056,104389,24392,27463,734,22690,269686,44005,XRF2,1,2022-08-26,13:31:56,YEON,2022-09-02 18:12:02,
395E,U1561,A,3,H,3,A,200.0,19.4,19.4,44834152,SHLF10903111,10,0.16,6,10,10,12,No-Filter,192468,315,14202,143003,1257,1130,26135,-2689,104856,24493,27964,753,23018,272163,45104,XRF2,1,2022-08-26,13:32:16,YEON,2022-09-02 18:12:02,
395E,U1561,A,3,H,3,A,250.0,19.45,19.45,44834152,SHLF10903111,10,0.16,6,10,10,12,No-Filter,193913,323,14388,143839,1145,1222,26279,-3007,106263,24065,28575,393,24508,271577,45967,XRF2,1,2022-08-26,13:32:37,YEON,2022-09-02 18:12:02,
395E,U1561,A,3,H,3,A,300.0,19.5,19.5,44834152,SHLF10903111,10,0.16,6,10,10,12,No-Filter,193597,350,14014,141950,1081,1158,26630,-2892,105573,24166,28048,737,23108,275106,44106,XRF2,1,2022-08-26,13:32:57,YEON,2022-09-02 18:12:02,
395E,U1561,A,3,H,3,A,350.0,19.55,19.55,44834152,SHLF10903111,10,0.16,6,10,10,12,No-Filter,196993,318,14250,144650,1188,1237,27282,-2986,108037,24937,28363,540,24206,278673,45734,XRF2,1,2022-08-26,13:33:18,YEON,2022-09-02 18:12:02,
395E,U1561,A,3,H,3,A,400.0,19.599999999999998,19.599999999999998,44834152,SHLF10903111,10,0.16,6,10,10,12,No-Filter,196896,405,14300,145138,986,1082,27381,-2717,107995,24558,28220,615,24913,277997,45424,XRF2,1,2022-08-26,13:33:38,YEON,2022-09-02 18:12:02,
395E,U1561,A,3,H,3,A,450.0,19.65,19.65,44834152,SHLF10903111,10,0.16,6,10,10,12,No-Filter,195535,358,14337,145329,843,1226,27059,-3004,108830,23495,28600,678,20237,278106,45873,XRF2,1,2022-08-26,13:33:59,YEON,2022-09-02 18:12:02,
395E,U1561,A,3,H,3,A,500.0,19.7,19.7,44834152,SHLF10903111,10,0.16,6,10,10,12,No-Filter,197400,432,14576,145214,908,1214,28283,-3251,108691,22753,28683,589,22081,281376,45700,XRF2,1,2022-08-26,13:34:20,YEON,2022-09-02 18:12:02,
395E,U1561,A,3,H,3,A,550.0,19.75,19.75,44834152,SHLF10903111,10,0.16,6,10,10,12,No-Filter,199776,415,15225,150062,950,1002,28002,-3317,111494,22646,29086,1080,19283,283745,47029,XRF2,1,2022-08-26,13:34:40,YEON,2022-09-02 18:12:02,
395E,U1561,A,3,H,3,A,600.0,19.8,19.8,44834152,SHLF10903111,10,0.16,6,10,10,12,No-Filter,198163,362,14992,148836,948,1235,27666,-3517,111481,22192,28621,604,19809,281872,46586,XRF2,1,2022-08-26,13:35:01,YEON,2022-09-02 18:12:02,
395E,U1561,A,3,H,3,A,650.0,19.849999999999998,19.849999999999998,44834152,SHLF10903111,10,0.16,6,10,10,12,No-Filter,199634,368,15045,150268,960,1154,27177,-3446,112391,23345,29536,911,18729,285354,46575,XRF2,1,2022-08-26,13:35:21,YEON,2022-09-02 18:12:02,
395E,U1561,A,3,H,3,A,700.0,19.9,19.9,44834152,SHLF10903111,10,0.16,6,10,10,12,No-Filter,200015,378,15151,150219,1016,904,27739,-3525,111290,23480,28656,738,21995,282186,46798,XRF2,1,2022-08-26,13:35:42,YEON,2022-09-02 18:12:02,
395E,U1561,A,3,H,3,A,750.0,19.95,19.95,44834152,SHLF10903111,10,0.16,6,10,10,12,No-Filter,200502,446,15421,150647,1001,1213,28327,-3677,112699,22539,29159,1029,20275,284766,46727,XRF2,1,2022-08-26,13:36:03,YEON,2022-09-02 18:12:02,
395E,U1561,A,3,H,3,A,800.0,20.0,20.0,44834152,SHLF10903111,10,0.16,6,10,10,12,No-Filter,200459,449,15082,149282,962,1226,28066,-3276,110961,24524,29247,634,22169,284352,46545,XRF2,1,2022-08-26,13:36:23,YEON,2022-09-02 18:12:02,
395E,U1561,A,3,H,3,A,850.0,20.05,20.05,44834152,SHLF10903111,10,0.16,6,10,10,12,No-Filter,185692,297,13181,133905,938,1319,26211,-2283,101086,22454,27119,295,19942,260152,45319,XRF2,1,2022-08-26,13:36:44,YEON,2022-09-02 18:12:02,
395E,U1561,A,3,H,3,A,900.0,20.099999999999998,20.099999999999998,44834152,SHLF10903111,10,0.16,6,10,10,12,No-Filter,189767,372,13837,138965,985,973,27582,-2627,102933,24606,27677,796,21152,267507,45382,XRF2,1,2022-08-26,13:37:04,YEON,2022-09-02 18:12:02,
395E,U1561,A,3,H,3,A,950.0,20.15,20.15,44834152,SHLF10903111,10,0.16,6,10,10,12,No-Filter,191005,364,13790,140490,1069,1187,26700,-2306,104447,24737,27581,455,20975,268387,45343,XRF2,1,2022-08-26,13:37:25,YEON,2022-09-02 18:12:02,
395E,U1561,A,3,H,3,A,990.0,20.189999999999998,20.189999999999998,44834152,SHLF10903111,10,0.16,6,10,10,12,No-Filter,193262,286,13826,142087,973,887,27230,-2866,104633,26133,28228,662,22040,272500,45547,XRF2,1,2022-08-26,13:37:46,YEON,2022-09-02 18:12:02,
395E,U1561,A,3,H,3,A,1050.0,20.25,20.25,44834152,SHLF10903111,10,0.16,6,10,10,12,No-Filter,201384,372,14684,149352,1155,1296,28714,-3469,110164,28380,28384,877,24208,282738,46816,XRF2,1,2022-08-26,13:38:06,YEON,2022-09-02 18:12:02,
395E,U1561,A,3,H,3,A,1100.0,20.3,20.3,44834152,SHLF10903111,10,0.16,6,10,10,12,No-Filter,201436,368,15204,149381,1139,1292,28327,-3684,109971,28556,28723,964,22700,283169,47185,XRF2,1,2022-08-26,13:38:27,YEON,2022-09-02 18:12:02,
395E,U1561,A,3,H,3,A,1150.0,20.349999999999998,20.349999999999998,44834152,SHLF10903111,10,0.16,6,10,10,12,No-Filter,199331,396,15003,147485,1129,1217,28561,-3554,110337,23881,28700,789,22343,282467,46486,XRF2,1,2022-08-26,13:38:47,YEON,2022-09-02 18:12:02,
395E,U1561,A,3,H,3,A,1200.0,20.4,20.4,44834152,SHLF10903111,10,0.16,6,10,10,12,No-Filter,197336,356,14323,143627,1109,1169,28550,-2965,107875,27085,27798,568,21524,278445,45356,XRF2,1,2022-08-26,13:39:08,YEON,2022-09-02 18:12:02,
395E,U1561,A,3,H,3,A,1250.0,20.45,20.45,44834152,SHLF10903111,10,0.16,6,10,10,12,No-Filter,194670,385,14064,142002,985,1194,28026,-3125,105429,26886,27457,501,22199,273160,45531,XRF2,1,2022-08-26,13:39:29,YEON,2022-09-02 18:12:02,
395E,U1561,A,3,H,3,A,1300.0,20.5,20.5,44834152,SHLF10903111,10,0.16,6,10,10,12,No-Filter,194910,358,14106,143849,1109,1110,28178,-3019,105925,27225,27532,584,21954,273822,45039,XRF2,1,2022-08-26,13:39:49,YEON,2022-09-02 18:12:02,
395E,U1561,A,3,H,3,A,1350.0,20.55,20.55,44834152,SHLF10903111,10,0.16,6,10,10,12,No-Filter,192600,403,13921,142727,952,1110,27753,-3027,104676,26687,26790,1024,22343,269056,44925,XRF2,1,2022-08-26,13:40:10,YEON,2022-09-02 18:12:02,
395E,U1561,A,3,H,3,A,1400.0,20.599999999999998,20.599999999999998,44834152,SHLF10903111,10,0.16,6,10,10,12,No-Filter,191538,439,14087,140295,992,1283,27850,-2874,105072,26163,26561,826,20234,268715,44449,XRF2,1,2022-08-26,13:40:30,YEON,2022-09-02 18:12:02,
395E,U1561,A,3,H,3,A,1450.0,20.65,20.65,44834152,SHLF10903111,10,0.16,6,10,10,12,No-Filter,187600,325,13487,137075,1007,1035,26119,-2281,102116,26850,26393,705,20467,262128,43773,XRF2,1,2022-08-26,13:40:51,YEON,2022-09-02 18:12:02,
395E,U1561,A,3,H,3,A,1475.0,20.675,20.675,44834152,SHLF10903111,10,0.16,6,10,10,12,No-Filter,193523,349,13756,140654,1076,1109,27226,-2395,105527,25473,26973,825,22595,271870,45321,XRF2,1,2022-08-26,13:41:11,YEON,2022-09-02 18:12:02,
395E,U1561,A,3,H,4,A,50.0,20.75,20.75,44834162,SHLF10903141,10,0.16,6,10,10,12,No-Filter,189980,370,14246,142272,1069,1070,24379,-2438,104843,25540,26894,722,22865,266573,45226,XRF2,1,2022-08-26,14:09:20,YEON,2022-09-02 18:12:04,
395E,U1561,A,3,H,4,A,100.0,20.8,20.8,44834162,SHLF10903141,10,0.16,6,10,10,12,No-Filter,187705,388,13405,138807,1078,1105,25761,-2562,102520,25598,26170,660,23206,259591,45796,XRF2,1,2022-08-26,14:09:41,YEON,2022-09-02 18:12:04,
395E,U1561,A,3,H,4,A,150.0,20.849999999999998,20.849999999999998,44834162,SHLF10903141,10,0.16,6,10,10,12,No-Filter,188649,332,13476,139197,908,1103,25905,-2395,103282,24593,26392,648,24390,262147,45676,XRF2,1,2022-08-26,14:10:02,YEON,2022-09-02 18:12:04,
395E,U1561,A,3,H,4,A,200.0,20.9,20.9,44834162,SHLF10903141,10,0.16,6,10,10,12,No-Filter,188156,339,13941,138686,744,1004,25805,-2331,103405,22996,26249,689,24011,262007,44761,XRF2,1,2022-08-26,14:10:22,YEON,2022-09-02 18:12:04,
395E,U1561,A,3,H,4,A,250.0,20.95,20.95,44834162,SHLF10903141,10,0.16,6,10,10,12,No-Filter,187799,328,13466,138449,801,1085,26402,-2595,102665,23143,26173,625,23237,261197,45068,XRF2,1,2022-08-26,14:10:43,YEON,2022-09-02 18:12:04,
395E,U1561,A,3,H,4,A,300.0,21.0,21.0,44834162,SHLF10903141,10,0.16,6,10,10,12,No-Filter,186599,415,13338,136457,879,1198,25946,-2640,101822,22995,26002,988,24028,261602,44669,XRF2,1,2022-08-26,14:11:04,YEON,2022-09-02 18:12:04,
395E,U1561,A,3,H,4,A,350.0,21.05,21.05,44834162,SHLF10903141,10,0.16,6,10,10,12,No-Filter,185969,331,12919,134686,861,1054,26071,-2098,102593,22147,25599,647,24114,260367,44657,XRF2,1,2022-08-26,14:11:24,YEON,2022-09-02 18:12:04,
395E,U1561,A,3,H,4,A,400.0,21.099999999999998,21.099999999999998,44834162,SHLF10903141,10,0.16,6,10,10,12,No-Filter,185147,299,13102,133912,919,1008,25195,-2376,100884,23238,25751,641,24134,259520,45021,XRF2,1,2022-08-26,14:11:45,YEON,2022-09-02 18:12:04,
395E,U1561,A,3,H,4,A,450.0,21.15,21.15,44834162,SHLF10903141,10,0.16,6,10,10,12,No-Filter,185358,392,13041,134628,941,1155,25792,-2039,100693,24218,25782,813,24999,257069,44464,XRF2,1,2022-08-26,14:12:06,YEON,2022-09-02 18:12:04,
395E,U1561,A,3,H,4,A,500.0,21.2,21.2,44834162,SHLF10903141,10,0.16,6,10,10,12,No-Filter,185408,353,12809,133617,824,1028,26581,-1702,100404,23911,25579,391,25242,259084,44609,XRF2,1,2022-08-26,14:12:27,YEON,2022-09-02 18:12:04,
395E,U1561,A,3,H,4,A,550.0,21.25,21.25,44834162,SHLF10903141,10,0.16,6,10,10,12,No-Filter,187215,372,12970,134061,932,1242,26516,-2417,100846,24420,25984,574,25929,260300,45287,XRF2,1,2022-08-26,14:12:47,YEON,2022-09-02 18:12:04,
395E,U1561,A,3,H,4,A,600.0,21.3,21.3,44834162,SHLF10903141,10,0.16,6,10,10,12,No-Filter,190318,348,13385,137829,936,1159,27181,-2831,101876,24990,26485,625,26634,264925,45428,XRF2,1,2022-08-26,14:13:08,YEON,2022-09-02 18:12:04,
395E,U1561,A,3,H,4,A,650.0,21.349999999999998,21.349999999999998,44834162,SHLF10903141,10,0.16,6,10,10,12,No-Filter,191646,358,13555,140019,1108,1085,26842,-3043,102843,27144,26314,602,26666,265861,45518,XRF2,1,2022-08-26,14:13:29,YEON,2022-09-02 18:12:04,
395E,U1561,A,3,H,4,A,700.0,21.4,21.4,44834162,SHLF10903141,10,0.16,6,10,10,12,No-Filter,189868,396,13724,140739,992,1025,26768,-2440,102829,26207,26752,533,17566,267443,45002,XRF2,1,2022-08-26,14:13:49,YEON,2022-09-02 18:12:04,
395E,U1561,A,3,H,4,A,750.0,21.45,21.45,44834162,SHLF10903141,10,0.16,6,10,10,12,No-Filter,192023,396,13505,139953,1132,1183,27665,-2939,102112,26007,26492,795,25886,267481,45831,XRF2,1,2022-08-26,14:14:10,YEON,2022-09-02 18:12:04,
395E,U1561,A,3,H,4,A,800.0,21.5,21.5,44834162,SHLF10903141,10,0.16,6,10,10,12,No-Filter,197032,364,14254,144123,1141,1307,28066,-3163,104489,27069,27596,801,27137,278107,46218,XRF2,1,2022-08-26,14:14:31,YEON,2022-09-02 18:12:04,
395E,U1561,A,3,H,4,A,850.0,21.55,21.55,44834162,SHLF10903141,10,0.16,6,10,10,12,No-Filter,197243,367,14226,144220,1133,1079,28215,-3483,104344,27535,28152,565,27105,276565,46532,XRF2,1,2022-08-26,14:14:51,YEON,2022-09-02 18:12:04,
395E,U1561,A,3,H,4,A,900.0,21.599999999999998,21.599999999999998,44834162,SHLF10903141,10,0.16,6,10,10,12,No-Filter,198721,345,13815,143754,1093,1207,28937,-2977,105260,27654,27666,578,27478,279539,46536,XRF2,1,2022-08-26,14:15:12,YEON,2022-09-02 18:12:04,
395E,U1561,A,3,H,4,A,940.0,21.64,21.64,44834162,SHLF10903141,10,0.16,6,10,10,12,No-Filter,197758,344,13998,142171,1104,1269,28889,-2949,104411,25783,27627,929,26051,280903,45451,XRF2,1,2022-08-26,14:15:33,YEON,2022-09-02 18:12:04,
395E,U1561,A,3,H,4,A,1000.0,21.7,21.7,44834162,SHLF10903141,10,0.16,6,10,10,12,No-Filter,196858,339,13939,142013,1038,1166,28881,-3265,102615,26208,27389,666,27091,276441,46221,XRF2,1,2022-08-26,14:15:53,YEON,2022-09-02 18:12:04,
395E,U1561,A,3,H,4,A,1050.0,21.75,21.75,44834162,SHLF10903141,10,0.16,6,10,10,12,No-Filter,196135,383,13974,141091,1050,1101,28311,-3081,103355,26391,26914,570,26997,276170,44876,XRF2,1,2022-08-26,14:16:14,YEON,2022-09-02 18:12:04,
395E,U1561,A,3,H,4,A,1100.0,21.8,21.8,44834162,SHLF10903141,10,0.16,6,10,10,12,No-Filter,196105,353,13868,141361,1009,1185,28448,-2801,103124,26812,27316,842,27598,276102,44578,XRF2,1,2022-08-26,14:16:35,YEON,2022-09-02 18:12:04,
395E,U1561,A,3,H,4,A,1150.0,21.849999999999998,21.849999999999998,44834162,SHLF10903141,10,0.16,6,10,10,12,No-Filter,196913,347,13802,141762,952,1183,28035,-2852,104004,25133,27457,321,30017,280585,44703,XRF2,1,2022-08-26,14:16:56,YEON,2022-09-02 18:12:04,
395E,U1561,A,3,H,4,A,1200.0,21.9,21.9,44834162,SHLF10903141,10,0.16,6,10,10,12,No-Filter,192194,363,13391,136410,955,1277,28076,-2326,99977,24810,27149,891,27325,272714,44008,XRF2,1,2022-08-26,14:17:16,YEON,2022-09-02 18:12:04,
395E,U1561,A,3,H,4,A,1250.0,21.95,21.95,44834162,SHLF10903141,10,0.16,6,10,10,12,No-Filter,185014,258,12328,130510,910,1129,27051,-1833,97001,23848,26282,525,23780,262903,43060,XRF2,1,2022-08-26,14:17:37,YEON,2022-09-02 18:12:04,
395E,U1561,A,3,H,4,A,1300.0,22.0,22.0,44834162,SHLF10903141,10,0.16,6,10,10,12,No-Filter,180227,259,11816,126074,829,1048,25784,-1720,94006,22455,25499,570,23569,254354,43100,XRF2,1,2022-08-26,14:17:58,YEON,2022-09-02 18:12:04,
395E,U1561,A,3,H,4,A,1350.0,22.05,22.05,44834162,SHLF10903141,10,0.16,6,10,10,12,No-Filter,182538,260,12193,127181,834,1189,27027,-1788,95194,22947,25800,537,26818,256204,43420,XRF2,1,2022-08-26,14:18:18,YEON,2022-09-02 18:12:04,
395E,U1561,A,3,H,4,A,1400.0,22.099999999999998,22.099999999999998,44834162,SHLF10903141,10,0.16,6,10,10,12,No-Filter,183370,341,12218,131110,912,1137,25284,-1946,96325,22528,25596,392,24806,259271,43261,XRF2,1,2022-08-26,14:18:39,YEON,2022-09-02 18:12:04,
395E,U1561,A,3,H,4,A,1430.0,22.13,22.13,44834162,SHLF10903141,10,0.16,6,10,10,12,No-Filter,185739,273,12484,130442,718,1068,27063,-1855,96170,21618,25690,941,28935,261965,43645,XRF2,1,2022-08-26,14:19:00,YEON,2022-09-02 18:12:04,
395E,U1561,A,3,H,4,A,1450.0,22.15,22.15,44834162,SHLF10903141,10,0.16,6,7,10,12,No-Filter,54840,-48,286,17637,30,-9,2496,13084,3547,1000,1781,-516,1017,13410,35368,XRF2,1,2022-08-26,14:19:20,YEON,2022-09-02 18:12:04,
395E,U1561,A,3,H,5,A,50.0,22.25,22.25,44834172,SHLF10903171,10,0.16,6,10,10,12,No-Filter,200014,426,14939,149729,1021,1282,27239,-3440,107941,24466,28116,483,26034,285566,46597,XRF2,1,2022-08-26,14:47:04,YEON,2022-09-02 18:12:06,
395E,U1561,A,3,H,5,A,100.0,22.3,22.3,44834172,SHLF10903171,10,0.16,6,10,10,12,No-Filter,196321,373,14362,145026,979,1201,26946,-3286,105191,23071,27396,853,27158,278745,46357,XRF2,1,2022-08-26,14:47:25,YEON,2022-09-02 18:12:06,
395E,U1561,A,3,H,5,A,150.0,22.349999999999998,22.349999999999998,44834172,SHLF10903171,10,0.16,6,10,10,12,No-Filter,192798,356,13706,140998,787,1107,27412,-2553,103468,22012,27603,725,26717,275159,45320,XRF2,1,2022-08-26,14:47:46,YEON,2022-09-02 18:12:06,
395E,U1561,A,3,H,5,A,200.0,22.4,22.4,44834172,SHLF10903171,10,0.16,6,10,10,12,No-Filter,191643,338,13462,139130,842,1242,26736,-2586,102273,20504,27294,901,26012,275016,45070,XRF2,1,2022-08-26,14:48:06,YEON,2022-09-02 18:12:06,
395E,U1561,A,3,H,5,A,250.0,22.45,22.45,44834172,SHLF10903171,10,0.16,6,10,10,12,No-Filter,196447,423,14663,145818,804,935,25624,-3039,104166,22099,28661,528,26023,285438,45404,XRF2,1,2022-08-26,14:48:27,YEON,2022-09-02 18:12:06,
395E,U1561,A,3,H,5,A,300.0,22.5,22.5,44834172,SHLF10903171,10,0.16,6,10,10,12,No-Filter,193786,332,13710,142580,803,1137,26630,-2722,102812,21944,28052,771,26157,278880,44480,XRF2,1,2022-08-26,14:48:48,YEON,2022-09-02 18:12:06,
395E,U1561,A,3,H,5,A,350.0,22.55,22.55,44834172,SHLF10903171,10,0.16,6,10,10,12,No-Filter,195833,358,14234,144972,860,1144,26984,-2489,105135,22096,28511,1003,22753,284530,44991,XRF2,1,2022-08-26,14:49:09,YEON,2022-09-02 18:12:06,
395E,U1561,A,3,H,5,A,400.0,22.599999999999998,22.599999999999998,44834172,SHLF10903171,10,0.16,6,10,10,12,No-Filter,194345,371,14036,143358,879,1162,26829,-2696,103182,21713,27844,653,24621,280661,44512,XRF2,1,2022-08-26,14:49:29,YEON,2022-09-02 18:12:06,
395E,U1561,A,3,H,5,A,440.0,22.64,22.64,44834172,SHLF10903171,10,0.16,6,10,10,12,No-Filter,197193,408,14166,145493,890,1037,27140,-3086,104506,21841,28084,447,25797,282751,46304,XRF2,1,2022-08-26,14:49:50,YEON,2022-09-02 18:12:06,
395E,U1561,A,3,H,5,A,500.0,22.7,22.7,44834172,SHLF10903171,10,0.16,6,10,10,12,No-Filter,200042,468,14860,149054,802,1259,27364,-3213,106285,21974,29001,795,25162,289763,46022,XRF2,1,2022-08-26,14:50:11,YEON,2022-09-02 18:12:06,
395E,U1561,A,3,H,5,A,560.0,22.759999999999998,22.759999999999998,44834172,SHLF10903171,10,0.16,6,10,10,12,No-Filter,200111,320,14243,148376,847,1079,27584,-3129,105045,22347,29108,701,25866,289979,45800,XRF2,1,2022-08-26,14:50:32,YEON,2022-09-02 18:12:06,
395E,U1561,A,3,H,5,A,600.0,22.8,22.8,44834172,SHLF10903171,10,0.16,6,10,10,12,No-Filter,202417,410,14687,151864,1001,1240,27069,-3298,107770,23812,29161,719,25612,292595,46681,XRF2,1,2022-08-26,14:50:52,YEON,2022-09-02 18:12:06,
395E,U1561,A,3,H,5,A,650.0,22.849999999999998,22.849999999999998,44834172,SHLF10903171,10,0.16,6,10,10,12,No-Filter,202562,335,14512,148536,1120,1297,27745,-3194,107164,24101,29560,882,26670,293678,46808,XRF2,1,2022-08-26,14:51:13,YEON,2022-09-02 18:12:06,
395E,U1561,A,3,H,5,A,700.0,22.9,22.9,44834172,SHLF10903171,10,0.16,6,10,10,12,No-Filter,203719,409,14743,149128,1090,1130,28147,-3383,106547,26029,28830,584,28727,295997,46308,XRF2,1,2022-08-26,14:51:34,YEON,2022-09-02 18:12:06,
395E,U1561,A,3,H,5,A,750.0,22.95,22.95,44834172,SHLF10903171,10,0.16,6,10,10,12,No-Filter,205258,470,15024,150983,1136,1132,26505,-3541,107988,27023,29044,653,28807,299965,46801,XRF2,1,2022-08-26,14:51:54,YEON,2022-09-02 18:12:06,
395E,U1561,A,3,H,5,A,800.0,23.0,23.0,44834172,SHLF10903171,10,0.16,6,10,10,12,No-Filter,203220,411,14768,149335,1041,1125,26968,-3069,107438,27032,28915,779,29085,295118,45815,XRF2,1,2022-08-26,14:52:15,YEON,2022-09-02 18:12:06,
395E,U1561,A,3,H,5,A,850.0,23.05,23.05,44834172,SHLF10903171,10,0.16,6,10,10,12,No-Filter,200523,379,14236,147401,958,1084,26552,-3304,105985,25990,28689,437,26808,291518,46214,XRF2,1,2022-08-26,14:52:36,YEON,2022-09-02 18:12:06,
395E,U1561,A,3,H,5,A,898.0,23.098,23.098,44834172,SHLF10903171,10,0.16,6,10,10,12,No-Filter,196167,448,13670,142285,969,1234,26389,-2825,103175,25780,27641,624,26556,285132,45474,XRF2,1,2022-08-26,14:52:57,YEON,2022-09-02 18:12:06,
395E,U1561,A,3,H,5,A,950.0,23.15,23.15,44834172,SHLF10903171,10,0.16,6,10,10,12,No-Filter,196730,340,13654,141573,1042,1115,28012,-2757,104225,25979,27199,833,26911,285628,44944,XRF2,1,2022-08-26,14:53:17,YEON,2022-09-02 18:12:06,
395E,U1561,A,3,H,5,A,1000.0,23.2,23.2,44834172,SHLF10903171,10,0.16,6,10,10,12,No-Filter,198479,422,13962,145688,994,1094,26809,-3042,104826,27431,28167,563,26680,285900,45420,XRF2,1,2022-08-26,14:53:38,YEON,2022-09-02 18:12:06,
395E,U1561,A,3,H,5,A,1050.0,23.25,23.25,44834172,SHLF10903171,10,0.16,6,10,10,12,No-Filter,201326,367,14174,145568,951,1327,27131,-3043,105804,27318,28346,842,28311,292831,45768,XRF2,1,2022-08-26,14:53:59,YEON,2022-09-02 18:12:06,
395E,U1561,A,3,H,5,A,1100.0,23.3,23.3,44834172,SHLF10903171,10,0.16,6,10,10,12,No-Filter,198558,391,13081,138623,1284,1210,27505,-2696,101403,29076,26833,609,32215,291915,44526,XRF2,1,2022-08-26,14:54:19,YEON,2022-09-02 18:12:06,
395E,U1561,A,3,H,5,A,1125.0,23.325,23.325,44834172,SHLF10903171,10,0.16,6,10,10,12,No-Filter,200940,347,12434,133614,1387,1353,28874,-2956,98737,30672,25654,829,40498,297531,45810,XRF2,1,2022-08-26,14:54:40,YEON,2022-09-02 18:12:06,
395E,U1561,A,3,H,5,A,1150.0,23.349999999999998,23.349999999999998,44834172,SHLF10903171,10,0.16,6,10,10,12,No-Filter,202325,297,12184,133317,1470,1435,30505,-3057,99088,31073,25893,525,40600,302059,45679,XRF2,1,2022-08-26,14:55:01,YEON,2022-09-02 18:12:06,
395E,U1561,A,3,H,5,A,1175.0,23.375,23.375,44834172,SHLF10903171,10,0.16,6,10,10,12,No-Filter,198228,318,12448,135848,1228,1231,27971,-2891,98870,31761,26279,641,36597,289193,45629,XRF2,1,2022-08-26,14:55:22,YEON,2022-09-02 18:12:06,
395E,U1561,A,3,H,5,A,1200.0,23.4,23.4,44834172,SHLF10903171,10,0.16,6,10,10,12,No-Filter,208374,284,11681,129630,1946,1470,31556,-3281,92185,60317,26247,835,47559,303459,45694,XRF2,1,2022-08-26,14:55:42,YEON,2022-09-02 18:12:06,
395E,U1561,A,3,H,5,A,1225.0,23.425,23.425,44834172,SHLF10903171,10,0.16,6,11,10,12,No-Filter,256906,147,8294,102903,2533,1222,32652,-2898,71756,412517,16418,1189,44747,244356,47024,XRF2,1,2022-08-26,14:56:03,YEON,2022-09-02 18:12:06,
395E,U1561,A,3,H,5,A,1250.0,23.45,23.45,44834172,SHLF10903171,10,0.16,6,13,10,12,No-Filter,306069,164,5508,71176,2309,822,27879,-2925,49709,828758,9139,872,32895,154725,46629,XRF2,1,2022-08-26,14:56:24,YEON,2022-09-02 18:12:06,
395E,U1561,A,3,H,5,A,1275.0,23.474999999999998,23.474999999999998,44834172,SHLF10903171,10,0.16,6,13,10,12,No-Filter,309308,119,4841,64228,2173,808,23183,-2103,42976,909251,7580,744,25369,130233,45207,XRF2,1,2022-08-26,14:56:47,YEON,2022-09-02 18:12:06,
395E,U1561,A,3,H,5,A,1300.0,23.5,23.5,44834172,SHLF10903171,10,0.16,6,14,10,12,No-Filter,330889,83,4015,57300,2100,647,21893,-2168,34811,1067629,5945,767,21569,98942,45947,XRF2,1,2022-08-26,14:57:09,YEON,2022-09-02 18:12:06,
395E,U1561,A,3,H,5,A,1325.0,23.525,23.525,44834172,SHLF10903171,10,0.16,6,13,10,12,No-Filter,321183,17,2887,44128,1759,497,18878,-2037,24253,1092136,3872,530,18413,77912,44580,XRF2,1,2022-08-26,14:57:33,YEON,2022-09-02 18:12:06,
395E,U1561,A,3,H,5,A,1350.0,23.55,23.55,44834172,SHLF10903171,10,0.16,6,14,10,12,No-Filter,355282,37,3251,47899,2129,539,21844,-2473,26421,1218434,4199,771,17899,82640,48200,XRF2,1,2022-08-26,14:57:57,YEON,2022-09-02 18:12:06,
395E,U1561,A,3,H,5,A,1375.0,23.575,23.575,44834172,SHLF10903171,10,0.16,6,14,10,12,No-Filter,336772,80,2814,43376,1627,522,20308,-1551,22153,1163442,3703,518,16528,76602,45470,XRF2,1,2022-08-26,14:58:21,YEON,2022-09-02 18:12:06,
395E,U1561,A,3,H,5,A,1400.0,23.599999999999998,23.599999999999998,44834172,SHLF10903171,10,0.16,6,14,10,12,No-Filter,342743,31,2729,43605,2120,453,20728,-1732,22319,1170940,3861,249,22125,86012,46159,XRF2,1,2022-08-26,14:58:45,YEON,2022-09-02 18:12:06,
395E,U1561,A,3,H,5,A,1425.0,23.625,23.625,44834172,SHLF10903171,10,0.16,6,13,10,12,No-Filter,319469,32,2577,44252,1972,691,21943,-1213,22630,1062920,4264,583,22047,90130,45074,XRF2,1,2022-08-26,14:59:09,YEON,2022-09-02 18:12:06,
395E,U1561,A,3,H,5,A,1450.0,23.65,23.65,44834172,SHLF10903171,10,0.16,6,14,10,12,No-Filter,351393,-10,2846,45151,1855,590,23686,-1424,22070,1203691,3821,1050,19488,82770,48872,XRF2,1,2022-08-26,14:59:32,YEON,2022-09-02 18:12:06,
395E,U1561,A,3,H,5,A,1475.0,23.675,23.675,44834172,SHLF10903171,10,0.16,6,14,10,12,No-Filter,340811,28,2188,37237,1941,605,21888,-1736,15323,1201167,2945,587,17562,68972,48605,XRF2,1,2022-08-26,14:59:56,YEON,2022-09-02 18:12:06,
395E,U1561,A,3,H,5,A,1490.0,23.689999999999998,23.689999999999998,44834172,SHLF10903171,10,0.16,6,15,10,12,No-Filter,387132,-32,2177,37460,1842,422,25412,-2479,14854,1394682,3021,677,16826,65892,52517,XRF2,1,2022-08-26,15:00:20,YEON,2022-09-02 18:12:06,
395E,U1561,A,3,H,6,A,25.0,23.735,23.735,44834182,SHLF10903201,10,0.16,6,14,10,12,No-Filter,346677,-43,1283,28509,1220,584,25705,1882,9473,1267352,1710,597,10499,43351,50717,XRF2,1,2022-08-26,15:34:03,YEON,2022-09-02 18:12:08,
395E,U1561,A,3,H,6,A,50.0,23.76,23.76,44834182,SHLF10903201,10,0.16,6,16,10,12,No-Filter,407570,-40,1573,31014,1309,866,32682,-3013,9803,1517780,1898,411,10600,43977,53052,XRF2,1,2022-08-26,15:34:27,YEON,2022-09-02 18:12:08,
395E,U1561,A,3,H,6,A,75.0,23.785,23.785,44834182,SHLF10903201,10,0.16,6,17,10,12,No-Filter,422861,-62,1507,30888,1348,865,35169,-3233,10030,1575279,1825,632,11364,45882,55015,XRF2,1,2022-08-26,15:34:53,YEON,2022-09-02 18:12:08,
395E,U1561,A,3,H,6,A,100.0,23.810000000000002,23.810000000000002,44834182,SHLF10903201,10,0.16,6,17,10,12,No-Filter,428429,-57,1592,31126,1323,915,36766,-2840,10652,1590839,2205,604,11328,49152,55796,XRF2,1,2022-08-26,15:35:21,YEON,2022-09-02 18:12:08,
395E,U1561,A,3,H,6,A,125.0,23.835,23.835,44834182,SHLF10903201,10,0.16,6,17,10,12,No-Filter,427801,33,1835,33919,1651,897,36051,-3652,12725,1568099,2357,884,13201,57375,57054,XRF2,1,2022-08-26,15:35:49,YEON,2022-09-02 18:12:08,
395E,U1561,A,3,H,6,A,150.0,23.86,23.86,44834182,SHLF10903201,10,0.16,6,17,10,12,No-Filter,425751,20,1845,35132,1846,1024,38922,-3471,14040,1548880,2592,882,13833,59190,55958,XRF2,1,2022-08-26,15:36:17,YEON,2022-09-02 18:12:08,
395E,U1561,A,3,H,6,A,175.0,23.885,23.885,44834182,SHLF10903201,10,0.16,6,17,10,12,No-Filter,425564,-11,1806,34895,1453,997,36303,-3169,12830,1560694,2560,626,13791,56295,55151,XRF2,1,2022-08-26,15:36:45,YEON,2022-09-02 18:12:08,
395E,U1561,A,3,H,6,A,200.0,23.91,23.91,44834182,SHLF10903201,10,0.16,6,17,10,12,No-Filter,424038,-74,1952,36341,1625,952,38758,-3804,14160,1527658,2909,758,16764,66722,56699,XRF2,1,2022-08-26,15:37:13,YEON,2022-09-02 18:12:08,
395E,U1561,A,3,H,6,A,225.0,23.935000000000002,23.935000000000002,44834182,SHLF10903201,10,0.16,6,17,10,12,No-Filter,425042,-6,2024,37384,1760,1204,39142,-3502,15769,1524697,2514,659,16795,67823,56721,XRF2,1,2022-08-26,15:37:40,YEON,2022-09-02 18:12:08,
395E,U1561,A,3,H,6,A,250.0,23.96,23.96,44834182,SHLF10903201,10,0.16,6,17,10,12,No-Filter,436291,18,1737,34148,1730,885,38687,-3254,12636,1596996,2255,659,14895,57756,56673,XRF2,1,2022-08-26,15:38:08,YEON,2022-09-02 18:12:08,
395E,U1561,A,3,H,6,A,275.0,23.985,23.985,44834182,SHLF10903201,10,0.16,6,17,10,12,No-Filter,432359,-17,1827,33589,1772,1110,40480,-3092,11972,1583286,2127,682,13621,55653,56626,XRF2,1,2022-08-26,15:38:36,YEON,2022-09-02 18:12:08,
395E,U1561,A,3,H,6,A,300.0,24.01,24.01,44834182,SHLF10903201,10,0.16,6,18,10,12,No-Filter,443038,-15,1485,30804,1678,934,38334,-3926,9462,1651381,1893,703,11898,46889,58051,XRF2,1,2022-08-26,15:39:05,YEON,2022-09-02 18:12:08,
395E,U1561,A,3,H,6,A,325.0,24.035,24.035,44834182,SHLF10903201,10,0.16,6,17,10,12,No-Filter,436640,-7,1603,30546,1619,1205,39142,-3657,9027,1624830,2040,718,11171,47358,57340,XRF2,1,2022-08-26,15:39:33,YEON,2022-09-02 18:12:08,
395E,U1561,A,3,H,6,A,338.0,24.048000000000002,24.048000000000002,44834182,SHLF10903201,10,0.16,6,17,10,12,No-Filter,425678,-13,1715,32298,1639,1114,37763,-3504,10046,1580302,2301,564,9968,44294,56258,XRF2,1,2022-08-26,15:40:01,YEON,2022-09-02 18:12:08,
395E,U1561,A,3,H,6,A,375.0,24.085,24.085,44834182,SHLF10903201,10,0.16,6,16,10,12,No-Filter,412879,-33,1912,35470,1586,944,36215,-2808,13166,1504846,2253,688,12554,55782,55861,XRF2,1,2022-08-26,15:40:29,YEON,2022-09-02 18:12:08,
395E,U1561,A,3,H,6,A,400.0,24.11,24.11,44834182,SHLF10903201,10,0.16,6,16,10,12,No-Filter,401030,-8,2226,38768,1520,859,34129,-2697,15878,1440969,2944,904,15060,62719,53892,XRF2,1,2022-08-26,15:40:55,YEON,2022-09-02 18:12:08,
395E,U1561,A,3,H,6,A,425.0,24.135,24.135,44834182,SHLF10903201,10,0.16,6,15,10,12,No-Filter,375952,-46,2607,44806,1700,931,34558,-2259,20618,1301242,3749,1156,16833,77658,52588,XRF2,1,2022-08-26,15:41:20,YEON,2022-09-02 18:12:08,
395E,U1561,A,3,H,6,A,450.0,24.16,24.16,44834182,SHLF10903201,10,0.16,6,14,10,12,No-Filter,347241,14,3301,52185,1945,1004,32948,-1827,26901,1121257,5166,1012,24032,104680,50947,XRF2,1,2022-08-26,15:41:45,YEON,2022-09-02 18:12:08,
395E,U1561,A,3,H,6,A,475.0,24.185000000000002,24.185000000000002,44834182,SHLF10903201,10,0.16,6,14,10,12,No-Filter,345542,-22,3591,56510,2161,1069,36439,-1947,30801,1069129,6147,585,28506,125639,51476,XRF2,1,2022-08-26,15:42:09,YEON,2022-09-02 18:12:08,
395E,U1561,A,3,H,6,A,500.0,24.21,24.21,44834182,SHLF10903201,10,0.16,6,15,10,12,No-Filter,367824,-16,2595,45260,1900,760,35130,-2574,22648,1243308,3856,675,20361,89001,52981,XRF2,1,2022-08-26,15:42:33,YEON,2022-09-02 18:12:08,
395E,U1561,A,3,H,6,A,525.0,24.235,24.235,44834182,SHLF10903201,10,0.16,6,15,10,12,No-Filter,386075,-26,2241,41655,1634,1080,35437,-2579,18697,1340012,3665,653,18738,81439,54858,XRF2,1,2022-08-26,15:42:58,YEON,2022-09-02 18:12:08,
395E,U1561,A,3,H,6,A,550.0,24.26,24.26,44834182,SHLF10903201,10,0.16,6,17,10,12,No-Filter,430425,-10,1810,33734,1706,904,34402,-3180,11664,1586780,2411,899,13863,55067,56211,XRF2,1,2022-08-26,15:43:23,YEON,2022-09-02 18:12:08,
395E,U1561,A,3,H,6,A,575.0,24.285,24.285,44834182,SHLF10903201,10,0.16,6,17,10,12,No-Filter,431261,-1,1720,33278,1779,801,34884,-3361,11629,1590183,2034,993,13396,54076,56303,XRF2,1,2022-08-26,15:43:51,YEON,2022-09-02 18:12:08,
